2528 3996
151 205 207 267 588
369 216 505 262 nanuum
524 213 625 259 carrus
645 211 727 258 runis
747 209 896 256 aaronica.

151 323 252 395 ribus;
268 325 298 380 et
311 314 596 390 extraordinariam,
610 329 678 392 quas
692 319 774 372 extra
787 319 923 390 tempora
936 304 1021 370 sollu
1034 321 1139 389 pern·

174 411 244 472 itur·

151 431 171 494 g
192 503 222 560 2·
238 458 271 559 ln
285 495 461 578 aeserniam,
475 494 534 575 qul
544 489 723 572 generaliter
737 487 920 550 deomnium
934 484 1139 548 subditorum

154 595 231 653 statu
244 594 274 650 et
288 585 422 648 moribus
435 581 617 664 inquiritur;
632 583 663 640 el
675 577 828 659 specialem
846 594 915 656 quae
933 575 1063 655 aliquem
1083 574 1139 636 vel

155 678 271 758 aliquos
287 673 431 737 duntaxat
453 669 592 753 respicit,
616 675 669 730 aut
691 666 823 748 aliquam
846 661 1037 727 solummodo
1058 680 1139 724 ma-

155 767 278 828 leriam·

196 859 227 917 3ο
249 813 282 916 ld
297 850 471 936 judicialem
492 850 522 910 in
543 850 604 930 qul
617 845 760 909 Praelatus
781 841 916 925 procedit
929 839 1085 922 utjrrdex;
1106 849 1141 904 et

157 952 322 1028 paternam,
340 941 371 1004 in
391 943 451 1020 qua
473 937 608 1020 procedit
626 955 663 998 ex
685 934 746 997 soll
765 939 909 1016 potestate
922 931 1136 1008 dominatiua,

158 1034 253 1095 instar
263 1027 508 1112 patrisfamilids.
583 1079 585 1084 .

198 1123 286 1182 3061.
310 1121 376 1180 Non
400 1123 496 1198 polest
522 1115 664 1178 Praelatus
686 1115 723 1178 ad
744 1119 962 1188 visitationem,
986 1117 1017 1173 ut
1033 1109 1141 1188 iudex

159 1209 337 1292 procedere,
352 1205 474 1288 quando
487 1205 629 1278 orinrina,
644 1203 844 1284 nonutjudioi
856 1201 907 1264 sed
917 1200 1029 1283 utpatri
1044 1218 1142 1262 reve-

160 1299 270 1374 lantur,
286 1297 342 1359 nisi
353 1307 457 1377 agatur
470 1295 509 1357 de
522 1295 569 1356 his
582 1295 759 1356 criminibus
770 1301 964 1375 quaeescepta
973 1289 1143 1370 elpublica

160 1386 319 1462 dicuntur;
336 1386 435 1468 qualia
454 1392 525 1448 sunl
540 1406 548 1446 :
563 1384 700 1460 haeresis,
716 1385 831 1446 crimen
851 1382 929 1443 laesie
947 1381 1141 1458 majestatis,

160 1476 357 1558 blasphemia,
372 1476 487 1537 crimen
502 1473 659 1554 sacrilegii,
670 1471 860 1553 ulsnrtilcgia
870 1477 897 1532 cl
909 1469 1144 1551 profanationes

161 1583 340 1644 sacrorum,
368 1564 557 1627 latrocinium
578 1570 608 1625 et
630 1562 829 1642 grassationes
852 1560 967 1622 viarum
995 1557 1142 1639 publica-

163 1672 246 1732 rum,
261 1655 469 1725 assassinium,
486 1654 601 1715 crimen
616 1651 697 1714 falsas
711 1657 840 1712 monetae
853 1657 883 1712 et
902 1647 1039 1710 simonia.
1055 1649 1144 1713 Vide

162 1743 236 1805 alias
250 1762 337 1805 casus
347 1762 395 1825 ap.
414 1745 450 1805 D.
467 1743 561 1805 Bouix
574 1740 672 1819 noia,
688 1760 718 1823 p.
734 1742 885 1818 tra-480).

203 1836 293 1894 3062.
316 1835 350 1894 ln
380 1839 449 1896 actu
470 1830 666 1905 visitationis,
690 1829 838 1892 moniales
856 1827 895 1890 ab
915 1829 1064 1911 Episcopo
1090 1831 1144 1894 vel

164 1921 284 1984 Ordinis
309 1921 435 1983 Praelata
457 1921 660 2002 interrogatae,
675 1919 829 1982 veritatem
851 1924 992 1980 tenentur
1015 1921 1144 2000 aperire

164 2011 243 2073 circa
253 2011 427 2073 violationes
436 2011 564 2091 regulae,
575 2008 690 2071 etiamsi
699 2008 951 2089 transgressiones
964 2009 1023 2072 sinl
1037 2009 1140 2088 leres3

164 2099 203 2160 ab
217 2100 382 2162 lilctnmen
397 2099 576 2160 revaanone
590 2117 640 2160 eas
650 2101 952 2160 excusantLezonaet
962 2097 1057 2160 Alexa
1068 2103 1103 2160 l⁰
1115 2104 1145 2164 si

165 2189 280 2250 crimen
295 2189 332 2248 sit
345 2186 538 2250 ernendalum
551 2205 559 2247 ε
570 2187 764 2249 emendatum
774 2190 844 2250 vero
857 2195 995 2250 censetur
1006 2188 1028 2250 si
1044 2187 1145 2254 fucrit

166 2278 388 2340 commissuma
402 2274 537 2356 pluribus
550 2275 656 2354 annis,
672 2295 701 2338 v.
713 2297 743 2358 g.
758 2276 868 2354 tribum
884 2281 916 2338 2⁰
929 2277 953 2338 si
967 2277 1081 2339 crimen
1100 2282 1144 2342 sit

166 2365 317 2428 occultum
339 2371 369 2425 et
386 2364 468 2426 nulla
490 2366 675 2444 praeccsseril
691 2365 831 2438 infamio,
846 2366 891 2428 vel
914 2366 1058 2429 indicium
1077 2387 1113 2429 es
1121 2373 1146 2432 i·

166 2453 258 2528 dens;
274 2457 304 2514 3⁰
318 2453 342 2514 si
358 2461 471 2516 constet
486 2454 644 2516 Praelalum
659 2455 776 2517 nullum
787 2454 958 2528 remedium
972 2455 1034 2518 lare
1048 2457 1145 2520 adhi-

166 2541 317 2620 biturum,
333 2542 452 2622 valjam
471 2541 561 2604 luisse
575 2542 785 2605 denuntiatum
799 2543 837 2604 ab
851 2544 916 2606 aliis
928 2547 945 2606 a
959 2545 1070 2627 quibus
1083 2566 1148 2610 aar·

166 2629 314 2707 direram3
330 2636 362 2693 4⁰
372 2633 395 2694 si
407 2631 605 2693 manifestatio
615 2630 799 2694 indamnum
813 2635 968 2715 proprium
982 2647 1142 2718 vergeret;

167 2725 200 2782 5⁰
213 2721 238 2784 si
251 2721 365 2784 crimen
379 2721 629 2801 lucritoognitum
643 2720 699 2782 sub
712 2729 828 2783 secreto
842 2723 968 2786 naturali
982 2730 1010 2786 et
1018 2727 1146 2794 crimen

169 2829 229 2873 non
253 2812 290 2873 sit
308 2827 398 2875 causa
415 2809 518 2872 damni
536 2809 718 2873 communis.
733 2809 809 2873 Vide
827 2813 859 2874 S.
880 2812 1000 2895 Lignor.
1016 2813 1079 2896 (lb.
1099 2823 1145 2900 4,

168 2911 202 2960 n⁰
215 2902 280 2981 57).

207 2991 296 3051 3063.
320 2989 444 3051 Praelato
458 3008 519 3051 non
540 2988 610 3052 licet
631 3008 686 3071 pro
703 2990 787 3053 libitu
807 2992 995 3056 manifestare
1007 2995 1148 3064 crimina

168 3079 224 3142 sibi
246 3075 337 3139 moda
355 3086 479 3159 paterno
502 3078 707 3156 manifestata3
723 3079 773 3142 sed
793 3089 908 3162 potest,
924 3092 1044 3165 propter
1063 3085 1146 3168 illa,

167 3168 393 3248 delinquentem
408 3169 424 3228 l
439 3167 503 3229 loco
518 3186 689 3244 calcavere,
701 3177 731 3232 el
743 3187 779 3232 ea
793 3171 944 3252 Superiori
962 3171 1046 3235 locali
1061 3177 1147 3242 alte-

168 3259 231 3320 rius
242 3259 405 3318 conventus
419 3264 469 3317 aut
484 3257 655 3319 inonasterii
670 3257 810 3336 revelare,
825 3261 969 3323 alcidem
983 3261 1148 3344 invigilare

168 3353 268 3427 queat.
284 3347 357 3406 llem
368 3353 464 3427 potest
473 3344 499 3406 el
509 3353 605 3407 certas
618 3345 725 3408 domos
738 3355 789 3410 aut
803 3367 946 3430 personas
960 3351 1145 3434 prohibere,

167 3433 257 3514 eique
280 3432 401 3520 fidelem
421 3435 538 3497 socium
555 3435 729 3516 assignare,
750 3435 797 3498 isti
821 3438 992 3502 mandando
1011 3447 1044 3504 ut
1064 3461 1147 3508 cum

168 3520 305 3586 observet
319 3541 328 3586 z
343 3523 375 3586 in
392 3521 439 3586 his
455 3530 558 3586 tamen
580 3523 743 3604 prudenter
760 3525 852 3591 vitam
871 3527 1016 3592 debetne
1036 3529 1148 3596 delin-

169 3617 313 3680 ousmem
332 3610 558 3676 marmeians
576 3609 782 3676 aemulatam
792 3637 805 3688 ι
819 3605 948 3694 name
961 3613 1151 3700 maclou
