2486 3984
318 245 320 250 Α
411 184 497 231 traua
510 181 629 229 narnus.
952 161 1009 228 tat

54 283 177 345 dicttone
192 299 200 344 ε
216 280 364 344 affirmant
377 281 477 352 Suan,
492 280 588 360 Lugo,
605 276 753 354 concina,
769 275 927 353 Salmant,
942 283 1013 352 atu,

55 390 176 453 quorum
190 371 337 432 sententia
350 367 449 432 eidem
468 369 499 431 S.
518 369 639 448 Lignor.
660 367 851 429 communior
864 372 894 427 et
906 366 1015 448 probo·

56 459 135 522 bilior
147 459 264 523 videtur
280 480 288 520 :
303 459 373 541 quia
387 459 443 521 elsi
457 457 582 540 simplex
597 455 797 518 confessarius
816 461 915 517 careat
925 456 1015 534 iuris-

55 547 176 611 dictione
197 549 229 610 in
251 555 415 618 reservata,
436 565 498 608 non
521 545 589 608 ideo
612 551 694 608 caret
716 544 747 606 in
772 563 834 606 non
849 551 1015 622 reservata,

58 637 173 718 proinde
185 637 223 700 ab
237 637 295 699 illis
308 642 405 718 potest
414 635 548 712 directe,
564 641 660 696 stante
674 632 831 696 sufficienti
846 637 954 710 causa,
969 632 1019 694 ab

59 726 176 797 solvere,
193 733 222 788 et
236 726 280 789 sic
298 725 442 788 indirecte
463 724 671 787 arcservatis:
695 724 762 784 «Εἰ
782 724 853 786 ciam
873 721 1019 785 sententia

58 837 72 872 a
93 815 128 876 sit
140 815 331 892 communis,
346 821 380 877 ut
394 813 501 876 latetur
515 813 578 896 ipse
594 811 743 889 Antoinc,
764 819 795 874 et
812 809 897 875 valde
912 811 1018 894 proba-

60 924 73 962 n
95 902 171 975 bilis,
186 903 250 966 imo
272 905 354 966 certe
376 902 579 985 probabilior,
603 908 637 965 ut
656 901 806 975 diximus,
833 901 910 963 bene
924 905 1021 982 potest

61 1014 74 1050 a
94 991 194 1056 deduci
224 994 255 1055 in
278 992 394 1074 praxim
406 1013 416 1069 ;
436 1011 508 1054 nam
531 993 576 1070 (ut
598 991 809 1073 probavimus,
831 999 865 1053 n⁰
888 992 956 1068 573)
977 997 1020 1052 est

61 1103 74 1140 a
96 1083 241 1145 moraliter
256 1090 374 1145 eertum
386 1081 468 1164 quod
482 1084 553 1144 cirm
567 1081 709 1162 opinione
730 1079 874 1162 probabili
888 1079 1021 1142 Ecclesia

62 1192 76 1230 n
98 1171 227 1254 suppleat
237 1172 491 1252 Jurisdietionem.
508 1193 523 1230 a
540 1173 584 1232 lta
598 1172 629 1232 S.
646 1171 779 1252 Liguor„
790 1170 841 1231 lib.
856 1173 885 1243 6,
903 1183 936 1231 n⁰
949 1173 1018 1232 596.

98 1264 179 1323 tona.
202 1262 326 1334 Quaerit.
343 1265 373 1323 6·
389 1261 566 1322 Antollatur
576 1259 733 1322 reservatio
742 1259 864 1341 quando
874 1260 1022 1342 poenitens

65 1349 211 1413 confitetor
225 1351 399 1432 Superiori,
414 1356 444 1412 et
465 1349 684 1430 inculpabiliter
701 1349 827 1428 alicujus
846 1348 958 1431 peccati
975 1368 1022 1411 re-

65 1441 158 1500 servati
178 1439 387 1502 obliviscitur?
401 1441 439 1499 Et
455 1457 493 1500 an
508 1439 601 1519 possit
622 1438 748 1520 proinde
766 1437 890 1502 cuilibet
909 1437 1024 1502 conlea-

65 1527 134 1590 sario
146 1529 282 1592 conlileri
298 1535 400 1610 postea
414 1535 572 1609 peccatum
586 1527 733 1589 oblitum?

99 1619 182 1700 ltcsp.
197 1621 241 1681 Ite.
254 1619 413 1680 hocetiam
424 1615 761 1678 multirmcontroverti:
777 1617 1025 1680 communissima

66 1709 199 1770 sententia
220 1707 369 1782 affirmat;
392 1705 462 1788 quia
480 1705 623 1787 Superior
643 1705 833 1786 praesumitur
846 1706 920 1768 velle
935 1707 1027 1787 perni-

68 1799 169 1858 tentam
182 1799 265 1860 recte
279 1795 457 1866 dispositum
472 1791 590 1856 liberari
604 1794 642 1856 ab
659 1793 741 1856 omni
761 1802 950 1876 peccatorum
965 1795 1027 1856 vin-

69 1883 142 1965 culo,
167 1887 238 1949 cirm
267 1885 300 1946 in
327 1883 456 1946 formula
478 1883 674 1946 absolutionis
698 1883 797 1962 dicat,
829 1885 862 1944 in
887 1893 1026 1966 quantum

66 1991 169 2047 pnsum
183 1983 251 2038 etto
262 1973 385 2054 indipcs.
394 1974 446 2034 Est
458 1979 559 2034 mmcn
569 1973 715 2036 sententia
729 1991 843 2054 negans
853 1993 944 2054 quam
955 1994 1025 2057 pro·

69 2059 229 2127 habiliorem
243 2062 363 2144 judicat
383 2063 415 2125 S.
435 2061 570 2143 Liguor„
587 2063 658 2144 quia
672 2062 709 2124 ad
724 2063 916 2126 auferendam
931 2083 1025 2127 reser-

67 2151 208 2214 vationem
244 2152 411 2234 requiritur
444 2159 478 2213 ut
512 2158 668 2232 peccatum
709 2153 882 2230 subjiciatur
914 2153 1026 2232 judicio

70 2238 244 2322 Superioris,
257 2259 317 2304 neo
326 2239 477 2303 censenda
485 2249 530 2302 est
539 2241 637 2303 ablata
647 2243 804 2304 reservatio
815 2241 871 2304 nisi
881 2260 917 2304 ex
927 2243 1028 2324 aliquo

69 2327 172 2394 indicio
197 2331 345 2394 habeatur
366 2331 559 2412 praesumptio
591 2330 719 2394 voluisse
743 2333 934 2414 Superiorem
961 2351 1027 2395 eam

70 2419 187 2482 auleme.
202 2420 354 2483 Indicium
368 2421 439 2481 verb
452 2417 605 2482 sufficiens
620 2427 696 2482 esset
710 2420 734 2482 si
758 2421 923 2502 prenitens,
947 2439 1027 2484 acce

70 2506 1029 2582 dendoadhabentemfacultatemillimanifestaretintentionem

73 2601 101 2657 nt
121 2598 157 2659 ab
178 2598 322 2661 omnibus
350 2599 503 2660 reservatis
526 2598 715 2673 liberaretur,
737 2599 783 2660 vel
803 2599 829 2660 si
852 2599 1029 2680 ingratiam

72 2683 220 2764 ipsiusmet
229 2686 401 2770 poenitentis
415 2687 629 2750 concederetur
643 2686 843 2768 privilegium,
859 2694 947 2768 prout
961 2707 1031 2750 con·

73 2773 153 2855 tingit
165 2777 197 2837 in
210 2776 340 2840 tubilaeo
351 2822 359 2853 ,
372 2776 418 2837 vel
432 2777 554 2858 quando
568 2777 720 2838 obtinetur
733 2775 921 2858 privilegium
935 2776 1030 2839 Bulla

76 2859 224 2928 Cruciatoe.
245 2886 261 2925 c
279 2863 339 2927 Sed
361 2865 485 2927 omnino
508 2865 670 2928 dicendum
688 2873 778 2948 puto,
802 2865 899 2948 inquit
925 2866 956 2929 S.
980 2867 1028 2929 Li·

75 2969 191 3032 nguor.
220 2953 274 3033 (it.
298 2955 386 3030 597).
412 2955 642 3017 reservationem
667 2973 728 3016 non
750 2954 880 3034 aulerri,
908 2957 1029 3038 quando

75 3057 90 3098 a
110 3041 223 3104 adesset
235 3042 359 3124 positiva
372 3045 565 3125 praeaumptio
581 3042 699 3124 quodsi
714 3046 854 3126 Superior
873 3046 1030 3109 audivisset

77 3147 90 3187 a
111 3139 264 3210 peccatum
278 3140 478 3202 reservatum,
493 3133 711 3196 absolutionem
733 3134 933 3198 distulisset.»
956 3137 1030 3197 Vide

76 3217 156 3280 etiarn
170 3220 222 3282 lib.
236 3226 274 3298 Ἰ,
290 3229 323 3282 n⁰
339 3224 407 3284 l3l.

112 3311 195 3370 lbtb.
213 3311 335 3382 Quaerit.
350 3317 384 3371 7⁰
402 3310 570 3374 Antollatur
579 3313 737 3376 reservatio
746 3333 800 3395 per
811 3313 1030 3377 contessionem

79 3397 185 3458 nullam
198 3397 305 3461 lactum
318 3398 344 3462 ci
359 3399 410 3480 qui
425 3409 521 3480 potest
533 3401 685 3465 absolvere
699 3405 717 3464 a
735 3403 914 3465 reservatis?

113 3489 199 3570 Resp.
229 3491 342 3571 Negare
360 3491 550 3569 Concinam,
573 3495 644 3572 quia
664 3494 821 3555 reservatio
840 3511 900 3553 non
920 3493 1031 3553 tollitur

82 3577 133 3640 nisi
151 3596 204 3663 per
226 3581 469 3644 sacramentalem
490 3580 727 3654 absolutionem,
751 3598 819 3660 quaa
848 3597 909 3640 non
935 3579 1030 3640 existit
