2534 3996
217 209 277 272 400
455 224 594 272 arsurus
614 223 715 270 rorrus
735 221 817 268 runis
837 219 985 266 cauomcr.

218 343 233 378 u
258 320 374 382 tantum
394 325 440 383 cst
459 319 593 402 obligare
615 317 834 401 [immittentem
856 315 894 377 ud
917 313 1089 378 laciendum
1107 317 1187 399 quod

219 431 234 468 a
259 409 445 490 promisit...;
469 415 500 471 at
526 409 597 470 verb
624 405 744 468 traditio
765 404 812 467 vel
836 403 984 482 donatia,
1004 403 1072 466 licet
1099 407 1189 487 possit

220 521 235 556 s
260 497 431 560 immediate
452 497 514 559 lieri
539 496 648 558 intuitu
672 494 744 567 Dei,
762 513 823 556 non
844 501 943 556 tamen
966 501 1137 575 acceptatur
1153 495 1189 557 ab

221 609 235 644 n
260 587 344 668 ipso,
369 605 424 648 nce
448 594 493 649 est
513 586 553 648 illi
573 593 676 666 grata,
697 583 752 646 nisi
775 581 826 644 liat
844 583 932 645 alicui
956 581 1070 644 bomini
1092 585 1111 645 b
1130 603 1190 664 quo

220 697 235 732 a
259 677 406 756 acceptari
421 675 465 736 vel
480 673 630 756 repudiari
645 673 753 755 possit,
768 678 798 733 et
811 671 863 753 qui
875 672 925 750 jus
938 671 1068 752 requirat
1082 673 1113 733 in
1128 691 1190 736 rem

222 786 236 822 a
260 764 398 826 traditam
413 763 450 826 od
466 763 610 826 utendum
626 763 694 837 illa,
709 760 755 822 vel
771 760 810 822 illi
827 760 1057 840 imperandum,
1072 779 1190 825 curum·

222 873 237 910 a
261 871 320 933 que
334 852 457 934 gerendi
472 852 575 928 eius...
591 853 676 912 ltutio
690 857 745 926 est,
760 849 830 932 quia
842 851 922 912 Deus
935 849 1103 912 secundum
1117 851 1192 913 ordi·

224 963 239 998 n
264 941 379 1002 narium
400 940 637 1022 providentiam,
658 957 719 1001 nnn
742 937 866 1019 suscipit
884 938 1065 1019 peculiarem
1088 957 1191 1003 curam

224 1052 238 1085 s
264 1027 453 1110 gubernandi
470 1028 614 1110 privatam
628 1045 786 1108 personam
799 1025 969 1089 immediate
984 1045 1037 1109 per
1048 1027 1191 1109 seipsum,

227 1138 240 1174 a
265 1135 322 1178 nec
342 1117 455 1197 indiget
476 1116 523 1179 his
544 1115 634 1180 rebus
654 1115 844 1178 sensibilibus
864 1115 960 1178 ulcis
980 1115 1192 1180 immediatae!

227 1228 242 1267 a
267 1207 331 1268 sind
347 1206 514 1269 interventu
538 1223 698 1268 causarum
716 1204 916 1268 secundarum
938 1213 1047 1268 utatur.
1069 1207 1104 1268 Et
1127 1205 1192 1269 iden

227 1317 242 1357 r
265 1294 387 1357 donatio
402 1295 444 1357 sic
458 1293 534 1358 iacta
549 1297 629 1372 Deo,
645 1295 689 1356 vel
703 1302 865 1356 essetvana
878 1301 907 1356 et
920 1295 1014 1356 otiosa
1026 1341 1035 1369 ,
1049 1293 1094 1356 vel
1109 1297 1193 1376 quasi

228 1405 242 1447 o
265 1391 385 1446 tentans
399 1386 515 1456 Deum,
531 1383 633 1446 abillo
652 1382 857 1444 immediatum
873 1387 1008 1464 regimen
1026 1385 1193 1464 exigendo:

227 1496 241 1534 ι
266 1481 295 1536 et
319 1481 476 1555 propterea
503 1473 543 1534 illi
569 1491 630 1534 nnn
654 1472 768 1554 piacet,
791 1489 848 1534 nec
869 1471 908 1532 ab
932 1471 997 1553 ipso
1023 1473 1194 1538 immediati

228 1585 242 1623 s
265 1569 477 1645 acceptatur.»
504 1561 618 1623 Deinde
639 1580 702 1622 rem
721 1561 859 1642 exemplo
878 1561 1018 1642 explanat
1033 1581 1040 1621 :
1055 1579 1194 1643 ergone
1246 1601 1247 1654 i

230 1671 309 1716 cesse
323 1659 368 1713 est
388 1659 420 1714 ut
438 1649 556 1712 traditio
570 1655 632 1722 sul,
653 1649 823 1729 areliginso
846 1651 907 1711 Deo
928 1649 1022 1724 lacta,
1037 1649 1075 1712 ab
1095 1651 1194 1734 aliquo

229 1743 352 1804 nominc
365 1739 418 1802 Dei
429 1747 608 1821 acceptetur.
621 1739 706 1817 (Vide
715 1737 795 1820 apud
809 1739 846 1800 D.
863 1738 970 1813 Bouill,
981 1739 1025 1803 De
1037 1739 1193 1825 Regulam,

232 1837 304 1894 tom.
321 1833 351 1908 l,
365 1846 396 1910 p.
411 1831 476 1907 llll.)

606 1951 760 2011 punctim
779 1953 814 2012 ll.

494 2089 533 2136 na
554 2089 689 2138 voroauu
710 2091 924 2138 souaunrrars.

269 2225 358 2286 stoa.
374 2221 494 2286 Certum
508 2231 553 2287 est
565 2232 633 2287 vota
651 2225 788 2308 religiosa
802 2225 859 2289 alia
878 2245 943 2289 esse
959 2225 1125 2310 simplicia,
1139 2229 1197 2292 alla

230 2311 395 2374 solemnia:
414 2311 487 2375 illud
506 2321 621 2376 constat
639 2331 705 2394 cap.
727 2313 809 2390 Quod
826 2323 941 2392 uotum,
956 2313 992 2378 de
1009 2326 1072 2379 uoto
1088 2327 1119 2380 et
1137 2319 1198 2380 uoti

231 2399 386 2482 redempt„
401 2401 432 2462 in
446 2405 490 2475 6⁰,
509 2409 539 2464 et
558 2420 625 2484 cap.
642 2403 755 2466 naras
770 2407 806 2478 6,
821 2404 874 2485 qui
891 2404 1005 2466 clerici.
1024 2407 1056 2468 ln
1070 2423 1134 2488 nun
1147 2425 1199 2472 att-
1245 2473 1246 2476 ,

230 2494 292 2552 tem
303 2489 445 2553 consistat
458 2497 595 2554 votorum
608 2491 792 2567 solemnitas,
805 2491 854 2554 hic
864 2500 910 2554 est
922 2494 1169 2576 expendendum.
1245 2517 1246 2572 4

710 2650 719 2701 l

340 2761 369 2807 tlt
382 2761 494 2814 duona!
511 2761 658 2807 constant
676 2763 844 2809 SOLElleTAS
860 2763 923 2810 volt
937 2765 1102 2814 assultans.

270 2898 360 2958 2469.
379 2895 552 2960 Concedunt
570 2915 677 2961 omnes
696 2905 798 2960 uotum
818 2897 953 2962 solemne
974 2899 1117 2965 castitatis
1133 2920 1201 2965 esse

233 2981 304 3044 illud
319 2982 400 3064 quod
414 2983 527 3048 dirimit
540 2987 764 3049 matrimonium
780 3005 788 3048 ι
803 2991 933 3049 attamen
948 2995 1050 3052 volum
1063 2987 1200 3054 scholas·

232 3073 358 3134 ticorum
369 3089 400 3132 rn
409 3073 554 3138 societate
563 3078 646 3146 lesu,
657 3075 800 3157 quamdiu
810 3075 941 3139 Societas
953 3095 1005 3140 eos
1020 3096 1081 3141 non
1095 3079 1201 3142 dimit·

233 3159 286 3234 rit,
314 3159 427 3222 dirimit
448 3161 536 3224 etiam
560 3164 803 3234 matrimonium,
821 3165 905 3244 juxta
931 3165 1054 3229 Crinslit.
1084 3167 1201 3244 Quanti

232 3247 407 3329 fructuosius
422 3250 552 3330 Gregorii
565 3254 638 3324 xiil,
654 3271 735 3315 anno
747 3255 832 3321 1583.
846 3260 875 3314 et
884 3253 1008 3316 Constit.
1021 3257 1063 3317 As
1077 3257 1203 3318 endente

234 3335 357 3397 Domino
369 3337 502 3414 eiusdem
518 3341 679 3418 Pontilicis‚
690 3360 771 3404 anno
786 3345 861 3405 tam
873 3361 881 3402 ι
892 3343 961 3424 quia
973 3343 1002 3405 in
1013 3344 1070 3408 hoc
1084 3353 1203 3427 punctu

233 3423 457 3488 solemnizatum
486 3426 542 3491 luit
569 3429 738 3508 hujusmodi
760 3441 883 3510 uotum,
906 3435 1043 3512 quamuis
1069 3435 1203 3514 simplex

235 3521 385 3574 remaneat
399 3515 455 3578 sub
468 3517 533 3579 aliis
549 3520 744 3599 respectibus.
760 3521 792 3580 ln
811 3539 872 3601 quo
891 3539 964 3602 crgo
983 3523 1108 3602 praecise
1124 3541 1203 3586 con·

237 3598 318 3658 sistat
329 3601 501 3666 solemnitas
514 3607 572 3668 voli
594 3609 736 3670 castitatis
756 3625 818 3670 uon
835 3609 1018 3672 concordant
1037 3613 1201 3678 Doctores.
