2534 3996
158 187 216 252 utu
376 203 514 248 nanuum
533 195 634 246 nonus
654 201 734 245 aunis
754 198 902 245 canonici.

157 323 173 362 a
197 295 1128 376 clesiasticam‚jurisdictionemqucquecausammomniumad

158 412 173 450 p
198 389 296 451 locum
310 387 545 450 ecclesiasticum
559 385 597 448 de
613 387 681 466 June
696 385 915 464 spectantium,
937 385 1130 466 poenitentias

159 501 174 539 o
198 479 257 558 (jus
271 495 380 558 nempe
403 475 592 558 paenitentias
615 473 749 555 publicas
764 473 951 554 imponendi)
974 481 1005 536 el
1027 493 1129 538 sacro-

160 590 175 628 u
199 586 266 629 uum
281 566 418 629 omnium
442 584 510 646 quae
534 564 572 626 ab
595 563 744 646 Episcopo
764 570 835 625 sunt
852 561 1023 644 recipienda
1040 563 1132 626 colla·

160 678 176 716 a
199 657 328 732 tionem;
344 654 512 736 synodum,
528 662 612 731 etc..,
627 652 823 714 visitationem
833 669 954 733 quoque
968 671 1129 717 annuam..

161 767 176 804 u
205 745 247 806 Tu
260 752 357 806 autem
371 743 418 805 lu's
424 742 548 824 juribus
562 743 592 803 in
601 741 743 824 prefatis
756 739 881 803 ecclesiia
894 749 1041 803 contentus
1054 741 1133 805 exas-

162 857 177 894 u
203 843 273 904 tens,
291 853 348 895 non
361 832 487 914 amplius
500 831 537 892 ab
550 833 591 892 eis
605 832 716 912 cuipas,
729 837 835 912 prester
844 829 1030 893 moderatum
1045 831 1132 894 auxi-

162 946 177 983 u
202 922 276 984 lium
290 921 383 1004 quod,
395 923 479 1000 Juxta
493 920 620 982 formam
635 920 841 982 Lateranensis
855 918 990 988 concilii.
999 920 1023 981 si
1032 921 1132 984 mani·

162 1011 275 1072 alesta
301 1017 332 1072 et
357 1009 540 1072 rationabilis
568 1028 657 1072 causa
691 1008 854 1086 exstiterit,
880 1025 952 1072 cum
988 1007 1133 1074 charitate

164 1122 179 1160 u
205 1097 434 1180 postulandum,
459 1099 537 1160 sicut
553 1098 590 1158 ab
612 1097 682 1158 aliis
700 1095 825 1158 ecclesiis
846 1095 975 1178 ejusdem
991 1095 1131 1172 diocesis,

99 1225 102 1236 .
164 1210 179 1248 u
204 1207 258 1269 pro
272 1187 445 1249 necessitate
459 1189 603 1268 temporis
617 1188 809 1250 sustinemus.
825 1207 841 1244 n

204 1281 294 1340 2302.
317 1278 390 1348 Quae
412 1279 482 1338 nero
503 1276 670 1357 specialiter
693 1275 859 1357 Episcopus
880 1273 1016 1358 capituto
1036 1271 1134 1340 valeat

167 1367 351 1448 praecipere,
366 1366 436 1427 satis
457 1365 580 1446 intelligi
596 1370 691 1446 potest
708 1383 746 1426 ex
760 1365 823 1444 jam
843 1361 947 1443 dictis,
965 1365 1012 1428 vel
1030 1383 1066 1428 ex
1086 1365 1133 1427 di-

166 1454 269 1517 cendis
282 1453 312 1516 in
326 1453 457 1517 decursu
471 1455 580 1536 operis.
591 1457 656 1516 Non
668 1460 768 1536 posset
780 1458 893 1530 autem,
903 1455 969 1516 sine
982 1473 1134 1518 consensu

166 1544 289 1622 majonis
303 1544 393 1626 partis
409 1544 550 1625 Capituli,
565 1549 678 1606 veteres
691 1542 925 1605 consuetudines
938 1543 969 1604 in
984 1562 1072 1606 usum
1085 1561 1135 1606 re-

167 1651 293 1710 vocam3
317 1651 346 1695 v.
370 1653 414 1714 g„
438 1633 557 1714 exigere
581 1631 700 1712 longius
726 1631 878 1694 servitium
905 1635 996 1712 quim
1025 1651 1136 1695 novem

167 1721 329 1784 mensium.
344 1724 459 1803 ltacap.
476 1719 578 1796 Novit,
594 1727 623 1783 et
635 1739 701 1802 cap.
719 1720 841 1796 Quanto,
859 1719 894 1784 de
907 1721 954 1783 lais
966 1739 1031 1804 qua
1043 1723 1132 1803 fiunt,

168 1816 275 1886 elc.;et
285 1812 448 1892 prasertim
460 1829 497 1871 ex
508 1829 574 1890 cap.
599 1809 710 1886 Vestro,
724 1809 921 1874 daLocot.lta
933 1811 1137 1874 communiter

168 1917 216 1980 ap.
229 1899 335 1976 Bouix,
350 1898 394 1960 De
405 1898 562 1980 Capitolia,
576 1918 606 1980 p.
623 1903 691 1962 uel.
702 1899 782 1960 -ln
796 1897 888 1962 dubio
897 1918 935 1961 an
944 1900 1063 1982 aliquod
1079 1919 1136 1982 po-

168 1988 258 2048 tuerit
282 1987 416 2048 mandari
437 1986 476 2049 ab
497 1987 663 2069 Episcopo,
686 2007 741 2070 pro
762 1987 827 2069 ipso
848 1993 907 2051 stat
927 1990 1132 2072 praesumptio.

169 2077 211 2137 lla
224 2078 424 2139 communiter
437 2075 533 2156 (totu,
549 2097 579 2155 p.
595 2079 746 2157 uua-aut).

551 2290 703 2350 punctuli
722 2293 753 2354 t.

171 2448 300 2502 QUAENAM
319 2450 365 2496 stu
392 2449 535 2497 cuiusuis
555 2449 722 2494 sculctauta
752 2447 876 2498 miscunt
896 2453 928 2498 11t
956 2451 1130 2500 GAPITULUH.

211 2617 300 2677 2303.
324 2615 443 2676 Certum
458 2619 503 2674 est
520 2613 687 2695 Capitulum
707 2619 738 2675 el
755 2615 920 2695 quemlibet
938 2616 1135 2699 Capitulanmn

171 2723 258 2786 posse
282 2705 319 2766 ab
337 2703 485 2786 Episcopo
503 2702 647 2782 judicari:
665 2703 777 2764 Concil.
798 2703 879 2766 Trid.
899 2707 982 2784 (sess.
994 2711 1044 2784 25,
1061 2725 1090 2772 c.
1106 2713 1136 2789 6)

160 2793 300 2855 ¹formam
323 2792 483 2875 specialem
505 2800 578 2854 tunc
601 2791 639 2854 ab
657 2792 721 2873 ipsc
743 2793 919 2855 servandam
944 2795 1135 2860 deteimin‘at.

177 2906 191 2940 o
215 2884 320 2945 verius
334 2889 394 2959 est,
415 2881 512 2962 inquit
526 2880 645 2943 cardin.
662 2883 705 2944 De
718 2883 814 2960 Luca,
829 2901 865 2946 ac
876 2883 964 2947 hodie
978 2892 1060 2948 entra
1073 2905 1135 2949 om·

172 2993 187 3030 a
214 2989 283 3033 nexu
298 2972 529 3032 controversiam
544 2977 707 3050 receptum,
722 2979 755 3033 ut
769 2971 824 3034 isla
831 2973 998 3036 concilians
1011 2975 1136 3058 disposi-

172 3083 187 3120 η
213 3060 270 3135 tio,
288 3059 427 3139 procedat
440 3059 576 3120 solumin
588 3058 644 3120 illis
659 3060 810 3140 Capitulis,
826 3079 894 3143 quea
907 3081 944 3126 ex
960 3065 1137 3146 apostolicis

172 3171 187 3208 u
212 3147 337 3210 ludultis
358 3157 494 3228 exempta
513 3149 628 3210 etanta
644 3149 850 3227 Junisdictione
863 3153 1024 3234 Episcopi,
1048 3161 1137 3234 atquc

172 3259 187 3296 a
213 3236 383 3298 immediate
394 3237 527 3316 subjecta
540 3235 607 3299 Sedi
623 3237 810 3318 Apostolicae.
825 3261 842 3299 u
857 3241 957 3324 (Apud
971 3241 1007 3303 [l.
1023 3243 1134 3322 Boulis,

173 3326 217 3388 Dc
232 3325 392 3406 Capitulis,
412 3346 441 3407 p.
457 3328 540 3401 293.)

212 3415 300 3478 Unde
316 3424 422 3477 caeteua
447 3417 579 3497 Capitale
598 3415 657 3496 J'uri
681 3417 835 3482 communi
862 3419 1018 3496 subjacent
1038 3421 1137 3504 quoad

174 3503 349 3656 mpdumtiab
370 3506 518 3588 Episcopo
536 3504 714 3570 servandum
729 3508 760 3569 in
773 3508 913 3572 exercitio
923 3509 1059 3590 juridicia
1073 3514 1136 3592 eius

175 3610 213 3673 po
225 3603 285 3656 esta
309 3611 335 3656 s.
575 3611 579 3618 ·
