2550 3992
421 299 508 350 arran
527 306 684 358 secamus.
982 327 1041 388 6t5

70 404 194 512 dulperi
201 409 240 477 ab
250 413 400 498 Episcopo
409 439 476 484 usus
485 423 594 504 pileoli
601 428 634 490 in
648 428 1041 504 sumersetensium

69 509 219 564 coarctem
230 503 423 588 oelcppidam
438 509 583 592 (Gardell.
600 527 634 578 n⁰
645 521 745 600 316⁴).
764 521 899 600 Primum
912 523 1039 607 quidem

70 587 105 652 P.
123 590 208 690 tlury
225 591 339 658 dixerat
358 598 439 678 quod
462 600 486 662 si
506 603 664 682 sacerdos,
688 617 811 692 propter
831 611 1038 678 infirmitatem

69 685 122 740 aut
133 675 243 761 lrrgus,
259 685 399 766 nequiret
415 688 498 752 nudo
512 692 609 774 capite
626 694 778 776 incedere,
792 707 894 782 posset
909 700 1037 782 pileolo,

69 766 268 936 {Ilbgzibbrb’
281 775 342 850 uti;
367 775 420 838 sed
435 785 537 859 postea
552 783 693 863 praedicta
707 793 824 853 tantum
846 788 931 854 dixit.
948 789 997 874 (v.
1013 797 1034 856 t.

101 942 191 1006 3229.
213 941 336 1006 Gertm
348 946 394 1006 est
403 960 529 1026 peccare
539 943 704 1008 mortaliter
713 943 901 1008 sacerdotem
912 943 964 1028 qui
975 946 1041 1010 sine

63 1031 156 1093 sacris
169 1029 321 1103 vestibus,
337 1049 400 1095 non
417 1039 544 1114 urgente
559 1033 751 1111 necessitate,
774 1035 1041 1100 Extremam-Unc-

65 1117 177 1180 tionem
191 1118 393 1196 administren
411 1121 436 1183 si
449 1123 520 1184 verb
534 1123 655 1204 drgeret
671 1122 849 1202 necessitas,
863 1129 938 1186 tunc
950 1123 1040 1186 etiem

63 1205 152 1270 illum
175 1226 300 1290 peccare
319 1210 483 1272 mortaliter
503 1213 652 1273 sustinent
680 1213 790 1274 Sunrez
811 1217 842 1274 et
868 1211 955 1276 multi
969 1213 1040 1274 alii:

64 1296 117 1358 sed
147 1296 235 1360 Croix
256 1315 329 1362 cum
349 1297 416 1360 aliis
439 1299 576 1381 pluribus
603 1299 797 1381 probabiliter
823 1305 913 1382 negat
938 1300 1043 1364 adesse

65 1392 138 1448 lunc
152 1393 308 1466 peccatum
332 1387 476 1462 mortale,
499 1395 622 1469 propter
640 1387 787 1450 rationem
808 1387 901 1452 mudd
923 1389 1042 1452 allatam

65 1492 120 1556 pro
133 1475 249 1538 Viatico
263 1475 500 1538 administrando
519 1496 527 1538 r
542 1479 612 1538 cum
628 1478 889 1542 Extrema-Unctio
903 1475 941 1538 sit
953 1478 1042 1540 etiem

65 1565 295 1626 Sacramentum
310 1565 478 1647 specialiter
491 1566 663 1628 institutum
677 1567 695 1628 a
710 1565 827 1628 Christo
842 1583 896 1646 pro
912 1563 1045 1628 intirmo-

65 1670 135 1716 rum
150 1651 367 1716 sublevamine.
390 1653 465 1717 Vide
493 1656 525 1718 S.
550 1655 695 1737 Liguor.,
720 1654 773 1716 lib.
797 1658 830 1724 6,
858 1656 893 1716 n⁰
914 1655 992 1730 '1263
1015 1658 1045 1716 et

68 1739 175 1820 llerdt,
191 1741 278 1804 Sucr.
291 1741 426 1824 Libere,
441 1763 511 1826 pars
525 1749 560 1823 6,
578 1754 610 1806 n⁰
624 1748 686 1824 20,
703 1745 741 1823 ll,
755 1745 799 1807 3⁰.

482 1907 563 1971 titt.
587 1907 634 1972 lll.

303 2053 339 2099 cn
360 2052 593 2100 suscrerrurraus
613 2053 816 2100 secundeum.

107 2189 539 2254 3230.801ushom0viator
569 2210 666 2274 capax
693 2197 739 2255 est
764 2199 1044 2271 sacramentorum

65 2280 186 2363 solique
199 2279 353 2363 baptisati,
368 2299 430 2344 non
449 2283 567 2361 tantirm
581 2281 677 2360 licite,
697 2279 749 2345 sed
771 2281 862 2344 etiam
876 2281 994 2360 valide,
1008 2281 1046 2346 ad

65 2377 276 2446 sacramenta,
298 2376 406 2452 praeter
425 2369 632 2450 baptismum,
653 2369 852 2433 admittuntur
868 2389 876 2431 :
891 2373 966 2434 ratio
979 2378 1045 2450 est,

67 2460 168 2541 inquit
182 2459 213 2521 S.
230 2459 352 2541 Lignor.
369 2458 432 2535 (lib.
449 2461 488 2532 6,
504 2470 536 2520 n⁰
551 2461 612 2536 73),
627 2459 699 2539 quia
713 2465 901 2520 sacramenta
915 2458 1048 2522 instituta

67 2557 139 2612 sunt
154 2566 209 2630 pro
223 2549 287 2611 sold
302 2547 452 2622 Ecclesia,
474 2551 505 2609 et
517 2565 572 2628 per
591 2545 777 2627 Baptismum
791 2545 937 2608 duntaxat
950 2547 1047 2608 bomi-

68 2657 123 2701 nes
140 2637 217 2700 liunt
229 2637 268 2700 de
285 2655 412 2720 corpore
425 2635 587 2715 Ecclesia,
602 2642 636 2698 ut
655 2633 789 2698 delinivit
802 2635 920 2716 Eugen.
935 2635 994 2714 lv,
1016 2635 1046 2697 in

67 2730 197 2790 Decretn
209 2725 250 2789 nd
261 2729 413 2790 ducenos.

110 2819 154 2879 De
168 2816 415 2900 dispositionibus
428 2814 578 2898 requisitis
591 2819 626 2878 ut
644 2815 839 2877 Sacramenta
858 2829 930 2876 cum
951 2811 1049 2879 imctu

68 2907 266 2988 recipientur,
280 2904 346 2968 vide
359 2905 527 2988 'theologos
541 2903 689 2980 moralea;
704 2909 734 2966 et
747 2902 779 2965 S.
795 2901 936 2985 lignun,
953 2901 1005 2966 lib.
1017 2907 1048 2985 6,

70 2997 113 3059 η’·
128 2999 229 3058 trs-ut.

112 3089 200 3148 itaut.
226 3084 348 3159 oderit.
372 3087 403 3147 t⁰
426 3085 472 3145 tn
492 3087 523 3146 et
544 3079 643 3165 qualis
667 3078 794 3146 intentio
815 3081 988 3166 requiratur
1018 3083 1049 3147 in

70 3175 306 3256 suscipientibus
319 3171 533 3236 sacramenta?

114 3265 205 3346 itesp.
223 3264 274 3327 Vel
289 3262 327 3326 de
350 3261 451 3346 pueris
468 3267 498 3324 et
521 3260 667 3343 perpetud
688 3260 860 3325 amentibus
876 3260 989 3344 agitur,
1003 3260 1050 3323 rel

71 3361 119 3418 est
133 3355 259 3434 queastio
272 3351 310 3415 de
326 3351 436 3415 adultis
451 3369 459 3412 r
475 3349 506 3411 in
518 3351 617 3433 prs'mo
629 3367 714 3425 cosa,
739 3358 856 3413 certum
872 3355 917 3412 est
936 3347 1051 3414 nullam

74 3444 188 3526 requiri
204 3441 413 3504 intentionem.
427 3438 501 3502 lllud
516 3445 631 3500 constat
646 3457 701 3522 pro
715 3439 869 3521 baptismo
882 3455 919 3500 ex
934 3437 1049 3502 Concil.

72 3531 159 3597 Tritl.
176 3535 260 3608 (sess.
275 3535 313 3606 l,
328 3549 396 3594 can.
415 3531 474 3605 13),
491 3527 541 3591 ubi
556 3526 686 3590 dicitur:
706 3550 721 3588 r
735 3528 766 3590 Si
781 3527 850 3608 quis
861 3525 969 3588 dixerit
982 3545 1050 3608 par·

75 3646 92 3684 s
117 3621 220 3696 ruins,
234 3623 271 3684 ed
293 3617 376 3702 qubd
398 3627 498 3681 ectum
518 3615 660 3680 credendi
682 3633 743 3678 nnn
764 3616 893 3694 babent,
912 3623 1051 3698 suscepto

76 3735 92 3776 a
118 3710 288 3794 baptismo,
317 3709 395 3770 inter
422 3707 525 3768 tideles
560 3705 781 3782 computandos
806 3721 869 3766 noan
901 3723 967 3768 esse
989 3725 997 3767 τ
1017 3725 1052 3769 ac
