2486 3984
19 3497 22 3566 i

20 3571 23 3652 i

432 269 519 314 truse
540 269 657 314 rursus.
976 250 1028 312 191

51 364 145 428 lrodie
162 383 284 445 semper
306 363 341 425 iit
360 364 483 445 praeiata
500 363 679 445 prohibiti03
695 362 777 426 unde
798 361 835 425 ad
854 363 966 444 Papam
990 371 1034 426 est

53 453 275 516 recurrendum
286 451 409 534 quando
423 453 538 514 crimen
553 459 599 514 est
612 453 781 535 publicum,
791 452 1035 533 uisidelin'quens

53 545 200 625 suscipiat
218 542 387 623 regularem
405 541 538 603 habitum
554 542 583 602 iu
600 544 783 604 monasterio
797 559 805 602 ε
821 559 877 624 pro
894 539 1035 623 quotide

53 651 123 714 cap.
142 635 172 708 1,
188 631 329 714 decoqui
340 629 455 712 furtivi
464 651 474 703 ,·
486 638 516 692 et
529 629 622 694 Collet
636 629 750 711 (iliu).

444 808 598 866 PUNGTUll
612 809 642 866 v.

124 941 164 986 us
181 939 420 986 raaeouuaarraru
439 940 630 984 reoreuraurs
649 941 685 984 ux
704 942 832 987 auersis
851 943 974 989 ueurcro.

101 1077 191 1138 1808.
219 1073 567 1150 «supercreatum,
590 1074 688 1153 iuquit
714 1075 800 1140 eard.
826 1077 928 1159 Soglia
949 1079 1035 1155 (inst.

60 1189 74 1222 ιι
93 1164 164 1246 jur.
177 1164 270 1245 priv..
287 1163 306 1244 ξ
318 1163 383 1242 69),
396 1182 457 1225 nou
472 1164 602 1226 haeretioi
613 1163 703 1226 ruodo
711 1165 799 1228 alieni
812 1167 956 1230 aoauoue
969 1173 1038 1230 suut

59 1277 73 1312 u
101 1255 168 1332 (seu
182 1251 382 1334 irregulares),
391 1253 497 1314 verum
512 1255 602 1315 etiam
617 1253 657 1314 illi
671 1253 722 1334 qui
737 1271 807 1316 oum
822 1254 969 1318 haeretieis
983 1257 1038 1317 ali·

58 1367 72 1400 ι
100 1361 166 1423 quo
186 1341 278 1403 ruodo
295 1343 447 1418 coniuncti
472 1348 560 1416 sunt;
577 1360 708 1423 quorum
730 1343 836 1424 triplex
858 1363 954 1425 genus
973 1350 1036 1407 est:

60 1457 74 1490 ιι
102 1431 239 1512 primum
253 1437 298 1492 est
312 1423 417 1493 eorum
428 1431 479 1512 qui
489 1429 636 1493 haereticis
649 1431 680 1493 in
694 1431 821 1494 crimine
835 1433 956 1496 haeresis
970 1452 1040 1496 oon·

59 1547 75 1584 o
102 1527 199 1581 sortes
213 1527 244 1580 et
258 1519 415 1601 participes
433 1527 518 1597 sunl3
534 1520 661 1582 alterum
675 1538 780 1582 eorum
795 1527 839 1582 est
854 1521 921 1602 qui,
943 1541 1039 1602 quau-

60 1633 75 1670 ιι
102 1627 198 1690 quam
214 1610 313 1690 pravis
326 1608 547 1671 erroribusuou
562 1609 749 1679 adhaereant,
761 1615 862 1671 tamen
874 1611 1043 1672 errantibus

60 1727 75 1762 r
103 1699 223 1771 iurent,
238 1697 362 1760 eosdem
383 1697 495 1760 auxilio
516 1703 544 1760 et
572 1716 629 1779 opo
647 1697 797 1776 juraud03
813 1705 843 1760 et
862 1697 992 1760 fautores
1010 1699 1041 1760 in

62 1815 77 1850 a
101 1791 174 1869 iure
188 1796 352 1849 vocantur:
368 1805 434 1870 oap.
455 1791 494 1862 2,
511 1785 545 1848 de
565 1785 679 1862 terea,
696 1787 726 1848 iu
741 1791 792 1864 6⁹;
808 1789 929 1850 tertium
947 1807 1043 1868 genus

62 1905 77 1938 ιι
103 1897 212 1940 eoruur
228 1876 373 1958 estqui...
388 1875 571 1938 haereticis...
583 1877 1043 1960 communionesauguiuisoou-

61 1991 77 2029 ιι
101 1966 203 2049 juncti
217 1971 304 2041 suut,
319 1964 492 2028 videlicet...
509 1963 601 2027 lilii...
617 1965 755 2028 Haeretici
769 1967 861 2040 vero,
877 1967 991 2030 etiamsi
1005 1966 1043 2028 ad

63 2083 78 2118 o
105 2055 286 2120 catholicam
301 2054 393 2116 fidem
401 2053 543 2116 redierint
554 2101 561 2130 ‚
574 2073 635 2116 uon
647 2054 980 2137 ideircoirregularitate
988 2056 1044 2118 sol-

63 2173 78 2208 ι
105 2154 231 2209 suatur.
242 2147 320 2205 »Pro
334 2143 403 2205 tiliis
416 2143 641 2220 haereticorum,
657 2142 723 2204 vide
733 2143 810 2206 inira
824 2148 924 2222 (1918,
940 2148 1041 2223 6118).

106 2240 200 2300 1809.
229 2256 245 2294 u
265 2232 349 2296 ltlulti
365 2234 441 2308 BD„
457 2231 555 2313 iuquit
567 2231 729 2313 Theologia
742 2233 889 2296 Tolosana
908 2233 952 2314 (de
967 2235 1043 2296 irre·

66 2353 80 2388 ι
106 2322 336 2410 prioritates,
348 2323 378 2383 in
391 2321 478 2398 line),
490 2321 668 2401 negantibus
681 2321 817 2403 pluribus
831 2322 908 2400 aliis,
921 2331 1047 2386 censent

66 2443 81 2478 a
108 2436 146 2480 ox
163 2411 270 2476 haeresi
284 2411 329 2474 vel
343 2411 491 2486 apostasia
505 2411 521 2471 a
537 2409 606 2487 lide,
623 2409 736 2472 nullam
748 2411 859 2473 incurri
871 2412 1044 2493 irregulari-

68 2533 83 2568 r
109 2513 221 2578 tatem,
234 2501 292 2562 nisi
305 2499 421 2561 ratione
435 2498 570 2578 infamio
582 2499 705 2581 quaudo
719 2498 776 2560 hoe
789 2499 932 2562 delicturu
949 2501 980 2561 iu
994 2520 1047 2581 pu-

70 2622 85 2656 ι
112 2597 240 2657 blisum.
264 2593 298 2652 lu
322 2589 432 2660 Gallia,
448 2586 579 2650 haeretiei
598 2597 626 2650 et
640 2592 657 2651 a
671 2588 784 2651 fortiori
806 2607 912 2650 eorum
929 2589 978 2650 lilii
993 2609 1047 2670 pro

73 2711 87 2744 ι
112 2679 331 2762 irregularibus
345 2695 406 2739 non
423 2675 589 2753 habentur;
607 2686 636 2739 et
659 2677 727 2739 ideo
745 2695 797 2738 eos
811 2677 848 2738 ad
863 2677 953 2738 iidem
975 2697 1047 2739 coo-

73 2801 87 2834 ιι
113 2764 961 2851 versosEpiscopiordinaresoleulsinedispeosationeS.
974 2768 1049 2828 Pou-

74 2890 88 2924 ιι
116 2862 250 2926 liuciae
272 2855 344 2918 Vide
359 2855 436 2917 inira
449 2854 574 2916 dicenda
591 2857 702 2932 (11118).
729 2857 762 2916 lu
781 2859 816 2916 ea
835 2855 1049 2937 irregularitate

75 2959 202 3037 possunt
217 2947 309 3010 iidem
323 2945 497 3026 dispensare
517 2943 639 3024 quaudo
653 2951 698 3005 est
715 2944 831 3006 occulta
845 2946 938 3024 (Juxta
954 2949 984 3009 S.
1001 2948 1049 3010 Li-

76 3041 231 3125 guorium,
241 3036 293 3098 lib.
304 3039 335 3108 ⁸1,
347 3045 381 3094 u·
389 3033 528 3111 rutulus
539 3032 637 3094 adhuc
646 3032 739 3094 Herae
747 3031 1049 3114 desereremus,

78 3137 154 3209 nou,
169 3148 201 3213 p.
217 3129 272 3203 '¹⁰3
285 3127 447 3206 Laqueus,
463 3135 496 3184 u⁰
512 3125 599 3185 1319.
627 3121 688 3188 Sed
702 3123 741 3186 ol.
757 3121 836 3204 App.
851 3121 903 3186 tu.

464 3303 617 3362 Puucruu
635 3304 677 3362 Vl.
759 3333 761 3338 ,

83 3445 117 3488 us
130 3435 371 3488 uassuraurarr
385 3433 575 3479 morsuraurs
589 3434 624 3478 ux
639 3433 780 3479 uourcroro
792 3433 846 3478 rau
860 3433 1050 3480 aturruuous.

124 3579 214 3640 1810.
238 3569 445 3635 Homicidium
458 3568 547 3630 divid*
562 3574 660 3657 polest
679 3568 711 3637 iu
730 3567 940 3644 necessarium,
954 3565 1054 3629 volup.

88 3665 199 3734 turium
212 3671 244 3726 et
256 3658 380 3728 emole.
