2528 3996
230 167 307 247 ste
450 201 589 248 anxurus
609 200 711 248 rortus
730 199 812 250 scats
832 199 981 246 cxxomcx.

228 323 244 360 a
270 302 473 365 necessarium
483 309 592 364 esseut
602 301 633 362 in
646 300 856 377 aclisconstet;
871 317 928 362 nec
941 317 1010 362 eane
1019 301 1130 364 teneri
1138 301 1219 383 Epis

229 412 244 450 a
269 391 478 471 copuntlpsis.
471 388 857 472 regularibusslgnificare,
873 388 926 450 sed
940 387 1010 450 Sedi
1029 391 1219 471 Apostoli&

229 479 433 560 adnotarat,
463 479 515 542 ubi
538 497 607 542 eam
629 478 686 540 sibi
714 475 824 572 aperiri
850 476 1057 559 postulaverit.
1091 497 1113 538 s
1146 479 1219 542 Vide

229 568 307 630 dicta
322 587 412 650 supra
427 570 536 648 (1569).

269 659 344 718 Item
368 659 398 718 S.
410 659 530 806 fCongr.
555 655 696 737 Episcop.
720 661 751 717 et
772 653 929 736 negator,
944 657 962 716 2
977 654 1084 718 martii
1114 661 1215 720 tcto:

235 767 250 804 a
270 746 332 808 Nec
350 745 523 808 confessarii
546 743 701 826 regulares
722 742 863 824 restringi
876 742 988 804 debent
1000 741 1041 804 ad
1055 741 1149 808 duos
1168 763 1216 828 pro

230 855 245 894 a
271 834 405 915 qualibet
417 835 586 896 ecclesie.»

271 923 343 984 Haec
356 921 513 984 manifeste
524 921 654 1002 probant
666 921 876 986 sufficientiam
891 920 962 984 cleri
977 919 1145 984 saecularis
1160 941 1214 984 nou

165 1002 172 1014 '
231 1029 296 1074 esse
316 1008 463 1072 rationem
487 1010 685 1073 sufficientem
708 1009 886 1073 excludendi
906 1008 1062 1090 regulares
1087 1012 1109 1072 a
1135 1029 1215 1073 sarra
1257 1064 1258 1067 ,

232 1098 418 1162 Poenitentiae
430 1099 607 1164 ministerio.
627 1099 699 1163 Vide
717 1099 826 1176 Bouill,
843 1098 887 1160 De
905 1097 1064 1178 Regulor„
1081 1103 1168 1161 torn.
1188 1105 1213 1172 2,

271 1277 360 1338 2895.
384 1277 504 1348 Quaerit.
527 1280 558 1340 l·
581 1281 627 1340 An
648 1277 779 1359 regulari
793 1275 962 1339 absolutam
974 1292 1031 1356 pro
1046 1277 1215 1340 confessio

234 1363 322 1426 nibus
341 1365 588 1447 approbationem
607 1365 790 1447 postulanti,
810 1366 904 1446 possit
917 1363 1099 1426 ordinarius
1122 1367 1214 1429 dene·

233 1470 304 1534 gare
318 1471 457 1529 examen,
473 1461 503 1516 et
515 1455 562 1518 vel
577 1454 692 1517 nullam
706 1454 752 1518 vel
766 1453 923 1515 limitatam
942 1451 1093 1514 duntaxat
1107 1473 1215 1538 appr(a

233 1540 385 1604 bationem
399 1542 577 1606 concedere.

271 1631 361 1714 Resp.
378 1631 432 1694 Vel
447 1631 745 1712 Ordinariusabsque
756 1631 910 1704 examine,
921 1629 1130 1712 aptitudinem
1144 1632 1212 1694 dicu

233 1720 378 1800 regularis
391 1720 430 1782 ad
454 1720 619 1782 audiendas
639 1720 844 1782 consessiones
862 1719 940 1782 bene
961 1719 1146 1800 cognoscit,
1171 1721 1214 1782 rel

233 1826 299 1870 eam
315 1810 447 1888 ignorat,
460 1817 513 1872 aut
525 1809 563 1870 de
576 1811 610 1871 er
625 1808 765 1871 dubitat.

272 1899 352 1958 1111ο
371 1917 461 1968 casu,
482 1897 572 1960 debet
591 1897 675 1960 illua
699 1898 813 1977 ubsque
832 1895 1009 1959 limitatione
1026 1897 1212 1977 approbare.

235 1984 308 2046 Vide
322 2004 413 2067 supra
427 1989 538 2064 (1369).

274 2073 304 2134 Si
319 2077 401 2136 certo
415 2075 488 2136 sciat
502 2075 586 2136 illum
601 2092 667 2136 esse
688 2073 874 2157 incapacem,
896 2077 992 2154 potest
1009 2071 1131 2154 absque
1144 2093 1212 2137 exa·

234 2161 316 2224 minc
332 2162 580 2243 approbationem
594 2162 763 2245 denegare,
781 2162 843 2225 imb
861 2179 924 2224 uon
938 2167 1038 2243 posset
1051 2179 1126 2224 eam
1136 2163 1211 2227 licia

233 2249 332 2311 eidem
347 2249 524 2314 concedere.

275 2339 304 2400 Si
320 2339 392 2400 sciat
406 2339 490 2402 illum
505 2359 567 2404 non
577 2359 642 2404 esse
652 2339 1210 2422 certdgeneraliteridoneum,parilrr

234 2434 331 2510 potest
344 2428 371 2490 ei
385 2429 633 2511 approbationem
647 2430 797 2511 denegare
811 2429 924 2509 absque
941 2427 1105 2490 examine:
1121 2431 1214 2512 siqui

234 2515 304 2580 dem
318 2535 355 2579 ex
369 2517 493 2579 Constit.
509 2518 644 2600 Superbo
658 2517 820 2580 Clementis
833 2519 874 2586 X,
888 2521 922 2578 il
937 2517 1005 2594 jun.
1023 2520 1120 2593 ltilo,
1133 2519 1214 2578 orbi-

236 2607 295 2666 trio
332 2605 558 2668 Ordr'nare'orum
585 2605 768 2688 relinquitur
797 2625 862 2668 cum
900 2603 1033 2666 lt'mitatd
1063 2603 1214 2684 facultate

235 2694 392 2757 admittere
418 2713 471 2758 ens
498 2695 566 2777 qui,
593 2704 661 2777 post
680 2713 824 2772 examen,
838 2713 895 2754 nen
914 2692 1098 2774 generaliter
1114 2694 1215 2758 idonei

236 2786 348 2866 reperti
360 2784 504 2865 suerunt:
521 2801 594 2865 ergo
608 2783 684 2846 sicut
698 2791 764 2865 post
784 2800 913 2846 examen
932 2781 1017 2844 liberi
1033 2789 1104 2844 sunt
1124 2784 1212 2846 Ordi-

236 2873 310 2934 narii
325 2879 360 2934 ut
372 2872 447 2935 tales
460 2873 612 2953 regulares
625 2891 687 2933 non
700 2871 883 2953 approbent,
898 2869 942 2932 sic
956 2877 1069 2934 stante
1082 2890 1213 2935 exannn

236 2959 292 3022 hac
308 2961 441 3022 libertate
455 2961 604 3040 gaudent.
616 2961 640 3022 si
652 2959 766 3041 absque
778 2960 916 3023 examine
928 2960 1012 3022 certo
1025 2967 1212 3042 cognoscent

236 3065 288 3110 eos
303 3065 364 3108 non
380 3065 445 3110 esse
459 3049 639 3130 generaliter
652 3047 787 3112 idoneos.

276 3139 365 3198 2896.
388 3137 422 3196 ln
432 3139 464 3196 2⁰
473 3154 544 3200 casu
554 3183 562 3214 ,
574 3155 683 3218 nempe
693 3139 718 3198 sl
732 3138 809 3200 bene
822 3156 882 3201 non
898 3139 936 3200 sit
949 3144 1106 3220 comperta
1119 3157 1211 3220 regu·

237 3223 306 3286 laris
319 3223 454 3304 aptitudo
472 3227 510 3286 ad
531 3226 695 3288 audiendas
715 3225 937 3304 confessiones,
959 3225 1015 3306 ipsi
1038 3243 1101 3288 non
1123 3227 1211 3290 debet

237 3311 378 3392 denegari
394 3330 542 3385 examen,
564 3333 620 3377 nec
641 3315 832 3397 approbatio,
847 3317 871 3378 si
887 3314 1068 3396 generaliter
1084 3315 1211 3378 idoneus

234 3409 373 3488 repertus
388 3399 496 3464 luerit:
511 3401 568 3464 hoc
578 3405 713 3484 sequitur
724 3422 761 3466 ex
774 3403 861 3466 dictis
876 3403 906 3464 in
917 3419 1053 3484 respons.
1066 3403 1106 3465 ad
1116 3424 1211 3486 quaa

238 3490 350 3550 tionem
366 3490 597 3568 praecedentem.
623 3491 697 3554 Vida
713 3492 824 3570 Bouix,
850 3492 890 3553 lle
909 3490 1066 3573 degatur..
1083 3499 1160 3556 tom.
1175 3499 1210 3565 2,

238 3595 269 3659 p.
284 3581 342 3640 aaa
356 3582 385 3639 et
401 3583 468 3644 aaa.
