2550 3992
202 266 262 332 tl!
421 277 558 326 uacuare
578 276 678 326 rorrns
698 275 780 324 mnu
800 273 947 324 coroner.

1263 197 1264 236 l

205 405 219 440 n
244 376 408 442 orthodoxe
421 425 429 451 ,
444 383 474 439 et
494 381 704 458 reparaturum
718 391 750 436 se
764 373 939 436 scandalum
954 371 1020 434 aliis
1040 372 1183 438 fidelibus

206 494 220 530 a
244 469 356 530 datum.
374 487 389 525 u
408 465 490 542 (Pius
504 465 560 540 VI,
576 462 607 525 in
623 463 725 543 Epist.
740 459 780 522 cd
789 460 949 542 Episcopus
963 459 1066 541 Brlpii
1075 507 1085 533 ‚
1101 462 1183 544 apud
1263 467 1264 558 l

206 557 360 634 cantore,
376 553 421 617 Dc
441 552 548 629 Mota,
565 547 939 628 n⁶765,rersi1slinem.)
1263 559 1264 646 l

246 647 336 710 322l.
360 645 407 706 dn
418 642 540 722 insuper
553 639 723 721 requiratur
736 637 920 720 dispensatio
932 640 964 700 S.
981 637 1086 715 Sedis,
1102 638 1183 701 affir-
1263 657 1264 724 l

207 733 352 796 mendum
366 738 430 808 est,
445 731 551 792 saltem
564 729 596 790 in
612 727 685 790 locis
697 725 750 789 ubi
764 733 808 790 est
822 726 1032 800 consuetudo,
1048 736 1140 808 prout
1154 729 1183 790 in
1263 727 1264 780 l

208 821 319 894 Gallia,
337 817 511 882 recurrendi
530 818 563 879 in
584 815 733 896 ejusmodi
753 815 873 878 casibus
886 814 925 877 ad
942 815 974 880 S.
990 815 1181 878 Pontificem.

208 910 283 973 Vide
297 909 443 972 lamenl).
460 905 557 968 Bouix
568 951 576 982 ,
588 904 763 986 DeEpisc.,
780 909 854 966 tom.
870 907 957 986 2,p.
975 907 1050 981 1353
1065 911 1099 968 et
1108 905 1184 968 infra

208 997 335 1062 dicenda
359 997 474 1074 (4306).
493 995 641 1056 Caeterirm
662 992 854 1074 probabiliter
867 993 911 1055 be
929 995 1014 1074 Lugo
1032 1011 1107 1056 eum
1120 993 1185 1056 aliis

208 1087 279 1148 dicit
301 1103 364 1146 non
385 1100 461 1165 opus
483 1099 549 1144 esse
562 1081 805 1164 dispensatione,
820 1081 942 1163 qnando
956 1100 1027 1163 pars
1043 1080 1185 1146 haeretica

208 1173 286 1235 serid
301 1171 446 1254 promittit
465 1187 552 1233 suam
565 1171 794 1233 conversionem
805 1173 851 1248 (ex
865 1171 956 1233 Cone.
973 1170 1091 1250 Chalc.)
1102 1191 1111 1248 ;
1123 1172 1184 1234 imh
1263 1235 1264 1238 ,

210 1263 293 1342 pulal
315 1258 440 1322 Hurtad.
456 1258 592 1322 sufficere
610 1277 696 1341 spem
710 1259 913 1322 conversionis
926 1265 1023 1322 urbm
1037 1277 1075 1322 ex
1091 1260 1185 1344 ipsius
1263 1241 1264 1326 l

209 1348 328 1427 indole,
342 1348 386 1410 rel
401 1347 522 1411 aliunde
535 1349 578 1425 (S.
594 1350 729 1429 Lignea,
744 1347 796 1409 lib.
811 1351 851 1426 6,
867 1352 902 1410 n⁰
912 1352 1043 1426 56).-α
1055 1349 1186 1422 Quando
1263 1333 1264 1368 ¹

209 1460 224 1496 c
248 1447 349 1500 autem
368 1435 482 1500 licitum
504 1444 549 1500 est
566 1437 720 1500 callrolico·
734 1437 909 1500 contrahere
926 1456 998 1500 eum
1018 1437 1183 1513 haeretico,

211 1549 225 1584 c
250 1528 331 1588 taath
346 1526 443 1607 magis
457 1526 556 1589 licebit
570 1529 701 1608 parocho
715 1525 851 1590 assistere
860 1525 897 1588 od
906 1526 964 1589 lale
974 1527 1181 1608 conjugium»

213 1617 255 1694 (S.
273 1615 408 1696 Lignea,
423 1614 488 1694 ih).
505 1613 580 1676 Vide
593 1615 745 1692 Contere,
762 1615 804 1677 ne
818 1616 924 1686 Mota,
941 1632 976 1676 n·
989 1618 1061 1678 764.

250 1709 316 1777 Qun
326 1709 429 1766 aulem
444 1705 503 1765 ritu
516 1703 732 1766 celebrandum
747 1704 785 1766 sit
798 1705 1025 1768 matrimonium
1039 1721 1113 1768 oum
1126 1705 1184 1768 bre·
1263 1745 1264 1756 .

211 1793 325 1866 reficis,
340 1791 408 1854 ride
420 1791 548 1855 dicenda
559 1791 636 1854 infra
651 1795 761 1871 (4307).

249 1885 338 1943 3222.
361 1882 483 1953 Quaerit.
500 1885 550 1944 10ο
566 1883 612 1942 hn
627 1881 713 1943 liceat
726 1881 920 1946 histrionibus
929 1889 959 1946 et
971 1883 1120 1947 comoedis
1133 1884 1180 1946 Sc

210 1979 361 2030 eramenta
376 1969 570 2031 ministrare?
584 2001 623 2014 -—
637 1971 767 2040 Quaestio
780 1977 824 2032 est
840 1973 1006 2053 prasertim
1024 1971 1064 2034 de
1077 1974 1177 2036 Sacra·

212 2057 319 2117 nranlis
334 2057 526 2119 Eucharistiae
539 2105 547 2135 ,
562 2059 877 2122 Extremae-Unctionis
890 2067 920 2122 et
933 2061 1129 2124 Matrimonii.

251 2146 338 2224 llcsp.
366 2147 399 2204 ln
422 2145 533 2222 Gallia,
550 2146 636 2225 iuxta
659 2145 778 2226 regulas
792 2147 824 2208 in
848 2149 1015 2212 Rilualibus
1039 2149 1179 2226 traditas,

209 2229 246 2291 ad
262 2235 453 2293 Sacramenta
474 2250 535 2294 non
559 2233 793 2298 admittebantur
810 2236 830 2297 ii
854 2239 906 2317 qui
929 2243 998 2301 actu
1017 2239 1182 2320 etpublict

211 2316 396 2381 habebantur
409 2327 443 2381 ut
456 2320 585 2383 comoedi
600 2329 629 2384 et
644 2323 803 2386 histriones
811 2343 847 2386 cx
861 2325 994 2406 professo
1008 2327 1179 2409 (uenena,

209 2410 283 2480 618,
298 2409 338 2487 ll)
353 2427 361 2469 ε
376 2407 446 2488 quia
461 2409 510 2470 illa
531 2408 675 2491 professio
690 2429 727 2473 ex
740 2429 773 2474 se
791 2415 983 2495 reputabatur
997 2414 1139 2494 infamis,
1152 2425 1182 2479 et

210 2493 291 2556 illam
305 2495 494 2577 profilentes,
509 2508 542 2560 ut
555 2499 817 2562 excommunicati.

262 2585 399 2658 licuerit,
425 2587 443 2648 h
471 2585 651 2666 quibusdam
675 2588 815 2650 Conciliis
844 2607 955 2672 nempe
987 2593 1179 2658 Arelatensil

210 2672 279 2734 anni
294 2676 366 2751 3ll‚
379 2691 447 2735 can.
463 2681 482 2735 l
496 2682 526 2736 et
537 2678 556 2736 5
568 2693 576 2750 ;
590 2675 753 2738 Arelatensi
767 2678 807 2754 Π,
820 2695 888 2740 can.
902 2683 956 2756 tlh
971 2681 1111 2764 Carthag.
1126 2686 1178 2760 111,

210 2775 276 2821 can.
290 2765 328 2838 2,
344 2763 666 2841 excommunicantur3
682 2763 733 2826 sed
747 2810 756 2842 ‚
771 2773 972 2850 praeterquam
985 2769 1036 2833 illa
1049 2772 1180 2836 Concilio

209 2864 270 2908 non
283 2855 354 2910 sunt
371 2851 540 2931 generalia,
554 2853 826 2918 excommunicatio
839 2856 878 2918 ab
892 2857 963 2938 ipsis
976 2867 1102 2935 matum,
1118 2880 1179 2926 uon

208 2942 271 2995 erat
285 2935 354 2997 latre
367 2939 419 2999 sed
432 2941 549 3001 tantiam
569 2938 698 3020 serendo
713 2944 865 3008 sententie
882 2945 1016 3026 (Andre,
1030 2952 1063 3012 r⁰
1077 2950 1179 3012 Curat·

208 3019 308 3100 dr'cns).
322 3025 356 3084 Et
367 3027 545 3104 generaliter
558 3027 702 3110 professio
715 3027 934 3096 histrionisnon
942 3045 1145 3117 reputaturus
1151 3059 1179 3102 st
1263 3081 1264 3112 r

209 3108 342 3188 infamis,
352 3111 405 3173 sed
415 3113 513 3176 solirm
524 3116 643 3179 infamis
651 3117 778 3182 habetur
791 3121 843 3204 qui
856 3121 993 3204 tur-piacl
1006 3126 1179 3207 impiaeum
1263 3113 1264 3132 ¹

210 3205 330 3279 peccato
344 3200 461 3261 mortali
477 3213 691 3285 repraesentat:
707 3229 722 3266 o
736 3209 840 3280 Quoad
852 3211 1008 3275 oomoedos
1021 3223 1051 3276 et
1063 3221 1179 3282 actores

208 3307 223 3342 c
247 3285 393 3364 scenicos,
406 3287 505 3369 inquit
518 3292 631 3355 concil.
643 3295 796 3360 Suession.
809 3297 881 3362 anni
891 3303 969 3363 1849
978 3303 1021 3382 (p.
1032 3308 1083 3384 Vl,
1095 3312 1177 3387 ele),

209 3396 223 3432 c
247 3390 300 3436 eos
314 3393 374 3438 non
390 3393 582 3442 recensemus
595 3383 673 3446 inter
687 3385 828 3462 infames,
843 3405 901 3452 nec
914 3387 991 3452 inter
1001 3409 1178 3458 excommu-

208 3483 223 3518 n
248 3459 371 3524 nicetus.
387 3466 602 3530 Verumtamen
616 3472 640 3532 si
655 3517 663 3548 ,
678 3481 712 3535 ul
728 3475 906 3558 plerumque
925 3481 1091 3562 contingit,
1107 3503 1178 3566 pro-

208 3568 222 3602 n
247 3546 376 3612 fossione
389 3555 444 3614 sua
461 3553 537 3616 aded
550 3556 722 3633 abutantur,
738 3569 771 3623 ut
783 3566 872 3646 vulgo
886 3575 1062 3648 reputentur
1074 3589 1179 3652 pecca-

209 3654 223 3687 c
248 3640 328 3696 tores
349 3637 479 3717 publici,
495 3641 587 3711 impia
603 3662 713 3718 nempe
726 3648 773 3710 vel
786 3650 915 3716 obscena
929 3654 1088 3736 ludentes,
1104 3669 1176 3724 tuuc
