2534 3996
186 201 245 262 916
404 214 540 261 uenulas
559 212 660 258 uorsus
681 211 762 257 rums
783 211 928 258 661666.

186 311 425 376 benefactoribus
437 309 579 374 Ecclesiae
595 311 626 372 in
647 326 768 392 genere.
784 309 859 372 Vide
874 309 990 388 Bouix,
1005 309 1051 374 lle
1071 311 1161 396 Capi·
1249 289 1250 344 ³

186 403 273 480 tulis,
289 422 319 484 p.
336 406 386 466 87.

225 496 313 556 1191.
343 492 374 555 81
401 491 536 574 Dignitas
562 491 662 553 Prima
684 491 754 554 velit
775 491 946 555 functiones
972 491 1161 574 pontificales

185 581 281 654 obire,
289 581 379 644 debet
387 583 476 643 etiam
486 581 610 642 missam
623 598 732 642 canere
743 601 751 658 ;
763 580 835 644 ali'as
848 581 1043 663 pertinentad
1052 581 1160 645 subse·

186 679 313 752 quentes
324 669 962 752 9166161666616616666666111666.1166.
977 672 1088 752 Congu.
1098 671 1158 734 ltit.

186 759 216 822 in
232 759 369 834 Aretind,
386 762 425 822 30
435 760 556 839 januar.
573 762 650 821 1619
661 777 668 820 :
680 777 729 840 ap.
746 759 889 839 Ferraris,
903 763 935 824 r⁰
951 759 1152 836 Cononimtur,

186 855 241 911 art.
257 853 292 926 5,
309 858 342 908 6ο
357 852 408 913 88.

226 937 330 1009 Quoad
352 938 437 1000 dotes
454 937 612 1019 requisitas
629 938 660 999 16
674 939 891 1020 Dignitatibus,
912 941 1045 1006 diximus
1067 963 1158 1026 supra

187 1027 278 1108 (166,
293 1027 501 1107 etet-Nora
512 1026 594 1108 qubd
607 1028 720 1090 Concil.
736 1029 869 1091 Trideut.
885 1049 946 1092 666
962 1031 1062 1114 exiget
1075 1035 1160 1115 qued

187 1134 272 1178 sacro
286 1115 384 1178 ordini
398 1121 598 1180 annectantur
612 1118 695 1195 (sess.
711 1121 761 1194 91,
777 1136 804 1180 e.
822 1122 871 1196 19,
882 1118 916 1181 de
928 1121 1071 1202 reform).
1083 1121 1160 1185 Vide

186 1205 278 1268 decis.
303 1207 335 1268 S.
361 1207 471 1287 Congr.
489 1209 579 1270 Ceno.
597 1207 628 1268 in
648 1206 705 1269 boe
725 1226 816 1270 sensu
840 1209 892 1290 (19
907 1209 1045 1272 decemb.
1063 1215 1156 1276 tols:

187 1313 236 1374 ap.
253 1293 417 1373 Bouix,I)e
433 1294 603 1378 Capitulis,
619 1315 650 1378 p.
668 1299 746 1376 166).

653 1443 685 1503 11

187 1554 276 1614 9195.
314 1560 576 1618 subtexuimus,
596 1561 797 1608 runsomnaus
817 1563 853 1606 ur
872 1563 985 1610 osricus
1002 1566 1156 1614 1666666.

526 1751 564 1795 nu
585 1750 822 1799 uacurorscoms.

227 1863 270 1923 De
284 1861 320 1922 iis
332 1859 464 1922 diximus
478 1879 568 1942 supra
582 1861 786 1942 (11961198).

492 2001 530 2046 os
551 1999 847 2050 incurraasuruuars.

228 2117 271 2179 De
285 2115 321 2178 iis
329 2115 418 2177 etiem
432 2112 582 2188 diximus,
598 2111 665 2174 vide
678 2131 769 2194 supra
782 2113 981 2196 (11991901).

339 2269 376 2315 bx
397 2267 546 2315 THEOLOGO
566 2267 605 2312 ET
625 2267 807 2315 uusouodtut
828 2270 1000 2316 PRAEBENDA.

227 2365 316 2425 9196.
338 2363 372 2424 16
390 2363 524 2426 Concilio
534 2363 725 2424 Laterenensi
742 2365 780 2424 lv
795 2362 949 2425 decretum
963 2362 1020 2426 luit
1031 2363 1157 2428 Theolo-

188 2469 272 2534 gum,
289 2454 320 2514 in
334 2452 467 2534 qudlibet
475 2451 605 2515 Ecclesia
619 2452 856 2533 Metropolitum,
866 2451 935 2534 eligi
945 2451 1055 2516 debere
1064 2451 1102 2514 ad
1113 2473 1158 2516 ru·

189 2545 430 2624 terpidationem
445 2544 602 2604 Saoterum
617 2543 860 2622 scripturarum,
875 2548 965 2622 atque
978 2540 1016 2604 ad
1030 2541 1158 2606 edocen-

186 2632 334 2714 dumquae
342 2631 552 2694 sdanimarum
560 2629 687 2693 salutem
695 2630 1154 2712 spectant(Cup.()uienonnulli,

185 2721 222 2784 de
238 2723 415 2804 Mupistris).
439 2723 523 2785 Hanc
544 2719 773 2802 dispositionem
795 2719 962 2782 Concilium
985 2719 1157 2784 Basileense

187 2812 319 2874 extendit
338 2813 376 2874 ad
397 2830 504 2874 omnes
521 2809 711 2873 Gathedrales
734 2807 901 2884 Ecclesiam
920 2809 1060 2872 eamdem
1080 2811 1155 2874 Galli

187 2903 382 2982 Pragnretioae
393 2900 545 2963 Sanelioni
556 2900 747 2962 inseruerunt
760 2918 768 2974 ;
780 2901 895 2979 subque
904 2898 1079 2961 auctoritate
1087 2917 1155 2962 eam

188 2989 317 3052 firmavit
330 2991 389 3052 Leo
402 2991 446 3064 X,
466 2988 497 3050 in
510 2989 642 3051 Concilio
655 2989 845 3050 Lateranensi
859 2987 896 3064 V,
915 3003 997 3050 anno
1012 2990 1108 3064 1516,
1125 2989 1155 3050 16

188 3099 248 3160 quo
262 3079 317 3142 luit
330 3086 471 3140 statutum
485 3077 583 3158 qudd,
597 3079 627 3138 in
643 3077 743 3138 Galliae
756 3083 786 3139 et
805 3074 1002 3157 Delphinalus
1013 3075 1157 3140 Ecclesiis

189 3168 411 3230 cathedralibus
436 3173 466 3228 et
492 3166 753 3247 bletropolitnnis,
780 3164 968 3228 addiceretur
994 3165 1156 3248 praebenda

187 3256 373 3337 Theolognlis
383 3256 501 3317 Doctori
515 3256 577 3317 sive
591 3255 751 3317 Licentialo
765 3255 796 3316 in
810 3253 978 3336 theologia,
993 3262 1027 3316 ut
1037 3253 1083 3317 bis
1095 3257 1156 3318 sul·

187 3351 247 3406 lem
263 3348 292 3406 in
307 3344 494 3407 hebdomade
513 3345 680 3425 Scripturas
694 3344 816 3426 legeret.
830 3343 907 3408 Vide
925 3342 1045 3406 Cardin.
1057 3345 1154 3423 Petra,

186 3433 266 3515 apud
283 3437 316 3494 D.
336 3435 428 3496 Bouix
441 3481 450 3506 ,
465 3434 509 3496 ue
524 3431 687 3514 Capitalis,
706 3453 736 3516 p.
755 3437 823 3498 l0'l.

227 3523 393 3588 91911116
419 3521 664 3603 dispositionibus
695 3521 846 3588 inhaerens
875 3521 990 3586 Goneil.
1017 3523 1152 3587 'trident

186 3613 271 3689 (sess.
282 3615 313 3686 6,
329 3628 395 3691 cap.
412 3613 442 3689 l,
456 3609 571 3680 deret.)
584 3608 651 3674 1666
663 3613 805 3675 sancivit:
820 3609 963 3674 «uadem
972 3612 1091 3676 Sacros.
1102 3613 1155 3695 Sp·
