2534 3996
462 249 549 296 crasa
568 249 687 298 antuus.
1005 234 1061 298 311

88 369 104 407 ι
129 347 230 412 nodus
246 348 349 411 statuit
361 351 393 411 et
404 347 535 411 decrerit
548 345 631 428 qubd
651 347 683 410 iu
702 345 761 410 iltis
782 347 942 425 Ecclesiis,
957 347 988 410 in
1002 347 1062 428 qui·

89 458 103 498 a
129 436 188 500 bus
204 435 365 520 praebenda
379 445 432 500 aut
445 435 704 528 praestimonium,
725 455 779 500 seu
797 435 879 499 atiud
895 437 1000 517 quovis
1015 455 1063 498 uo

89 549 104 585 r
130 525 214 590 mine
248 533 456 608 nuncupatum
484 525 670 607 stipendium
697 544 753 608 pro
786 525 957 608 lectoribus,
975 543 1063 590 sacra

90 638 105 675 n
132 615 290 698 theologiae
317 615 494 697 deputatum
521 617 680 696 reperitur,
708 614 868 697 Episcopi,
897 613 1063 696 Archiepis·

91 727 105 766 o
130 704 238 786 copi...
254 711 284 768 et
303 703 353 767 alii
374 703 511 768 locorum
529 704 696 782 Ordinem,
716 723 769 767 eos
786 705 838 786 qui
854 703 1064 786 praebendam,

92 817 107 853 a
131 802 182 856 aut
196 793 438 876 prastimonium
452 811 506 856 seu
522 793 706 876 stipendium
719 793 893 874 hujusmodi
911 793 1064 870 obtinent,

93 906 107 944 r>
132 882 170 944 ad
182 883 277 964 ipsius
291 883 453 964 scripturae
467 886 565 946 Sacrae
579 883 797 965 expositionem
811 889 841 946 ct
854 882 1063 964 interpretatio

92 995 106 1032 a
133 989 227 1050 nem,
248 990 303 1054 per
325 990 358 1034 se
380 971 461 1054 ipsos
477 973 502 1034 si
524 972 625 1034 idonei
639 972 764 1051 tuerint,
779 971 911 1054 alioquin
933 989 987 1052 per
1004 971 1063 1034 ido-

92 1085 107 1120 n
133 1079 227 1124 neum
242 1060 435 1124 substitutum
456 1061 495 1123 ab
512 1059 583 1144 ipsis
597 1061 790 1145 Episcopis...
811 1067 842 1124 et
863 1059 966 1123 aliis...
981 1060 1064 1122 Ordi-

92 1173 108 1210 υ
134 1149 226 1214 uariis
239 1150 414 1232 eligendum
427 1198 435 1227 ,
450 1150 541 1213 etiam
550 1169 605 1232 per
616 1149 903 1214 substractionem...
914 1148 1065 1212 fructuum

93 1265 108 1301 a
134 1247 281 1323 cogant...
298 1241 458 1303 Decaetero
473 1240 542 1302 verb
556 1239 732 1322 praebenda,
747 1239 1003 1322 praestimonium,
1018 1245 1065 1301 aut

93 1353 108 1390 n
134 1328 355 1412 stipendium...
373 1329 495 1391 nonnisi
517 1329 654 1411 personis
673 1329 789 1391 idoneis
801 1335 830 1390 et
844 1345 913 1408 quae
927 1346 981 1410 per
994 1329 1064 1410 seip

92 1443 108 1479 a
134 1439 184 1482 sos
204 1418 235 1481 id
256 1437 369 1482 munus
392 1419 511 1499 expiere
540 1419 676 1500 possint,
704 1417 915 1494 conferantur;
936 1425 966 1480 et
984 1417 1066 1480 aliter

92 1533 108 1569 a
134 1509 212 1572 facta
226 1507 356 1590 provisio
371 1507 453 1570 nutta
467 1507 505 1569 sit
515 1514 544 1568 et
558 1507 696 1569 invalida.

134 1621 152 1660 u
176 1600 210 1658 ln
223 1596 364 1660 Ecclesiis
377 1604 478 1658 autem
492 1595 748 1676 btutropotitanis,
764 1595 809 1658 vei
824 1593 1067 1674 cathedralibus,

93 1711 109 1749 a
135 1687 160 1751 si
174 1685 276 1750 civitas
291 1685 419 1766 insignis
438 1685 484 1747 vet
504 1685 667 1767 populosa,
689 1703 726 1747 ac
747 1684 836 1746 etiam
852 1684 884 1746 in
902 1684 1067 1765 Collegiatis

93 1799 109 1838 a
134 1774 332 1840 existentibus
346 1775 378 1836 in
393 1773 494 1855 atiquo
508 1773 619 1854 insigni
628 1773 756 1856 oppido,
769 1773 858 1835 etiam
874 1772 985 1835 nuttius
998 1773 1067 1835 dim

92 1888 108 1926 a
134 1865 227 1940 cesis,
242 1863 267 1925 si
282 1863 321 1925 ibi
331 1863 429 1926 clerus
440 1881 620 1925 numerosus
632 1861 721 1926 suerit
731 1909 739 1940 ,
751 1862 802 1925 ubi
815 1861 896 1924 uultu
906 1861 1067 1924 Praebenda

93 1979 108 2016 n
134 1961 186 2017 aut
199 1951 443 2016 Praestrmonium
453 1969 507 2015 seu
517 1951 700 2034 stipendium
710 1951 883 2031 hujusmodi
893 1950 1068 2035 deputatum

93 2066 109 2104 u
135 2043 294 2126 reperitur,
310 2039 473 2124 prebenda
493 2039 799 2123 quomodocumque,
819 2046 1019 2124 praeterquam
1032 2061 1068 2104 ex

93 2157 109 2194 a
135 2135 226 2196 coust
249 2129 480 2212 resignationis,
496 2129 595 2211 primb
613 2131 789 2206 vacatura„
812 2129 850 2192 ad
871 2147 942 2192 eum
962 2148 1067 2206 usum,

92 2246 109 2283 n
135 2223 201 2304 ipso
212 2219 612 2302 inctoperpetudconstituta
626 2227 657 2281 et
669 2220 810 2301 deputata
824 2219 1016 2302 intelligatur.
1033 2221 1069 2282 Et

94 2337 109 2372 a
137 2317 288 2393 quatenus
302 2311 333 2371 in
349 2309 420 2393 ipsis
433 2308 566 2372 ecclesiis
581 2309 662 2371 nulle
677 2309 722 2371 vet
742 2327 803 2372 non
821 2309 972 2371 sufficiens
992 2327 1068 2391 prae-

95 2425 109 2466 u
136 2399 235 2464 benda
250 2398 363 2476 iuret.,
381 2397 582 2481 Episcopus..
599 2417 653 2480 per
666 2398 898 2480 assignationem
917 2397 1068 2460 fructuum

94 2514 110 2550 a
136 2489 263 2568 aiicujus
278 2487 424 2570 simpicis
437 2487 565 2560 oflicii...
586 2488 632 2550 ret
651 2487 762 2566 alias„
777 2487 816 2548 de
830 2487 955 2568 Capituli
971 2487 1070 2549 consi-

94 2604 109 2640 υ
136 2579 197 2657 tio,
213 2579 253 2640 ita
267 2577 420 2658 provideat
441 2583 473 2639 ut
495 2576 557 2658 ipsa
572 2579 669 2639 Sacrae
683 2577 844 2658 Scripturae
860 2575 947 2638 lectio
960 2575 1070 2638 baltea·

95 2693 110 2729 o
136 2675 224 2731 tur...
241 2665 468 2728 Statuiteadcm
484 2667 515 2728 S·
541 2665 717 2746 synodus...
743 2665 897 2728 nemiuem
918 2665 956 2727 ad
970 2664 1068 2743 buius·

94 2780 110 2816 n
136 2757 218 2819 modi
233 2755 402 2818 officium...
414 2755 634 2818 admittendum
645 2773 711 2817 esse
718 2755 770 2836 qui
780 2755 863 2836 prius
871 2753 909 2816 ab
923 2753 1071 2836 Episcopo

96 2870 111 2906 a
138 2845 212 2922 loci,
227 2844 265 2907 de
279 2843 358 2922 rita,
374 2844 509 2907 moribus
528 2849 559 2906 et
577 2843 703 2906 scientia
719 2843 907 2906 examinatus
920 2853 949 2906 et
962 2861 1071 2926 appro-

99 2957 113 2993 υ
138 2933 225 2997 batus
240 2951 300 2994 non
312 2934 410 2996 tuerit.
425 2956 440 2992 n
1029 2935 1031 2940 “

137 3026 225 3086 2198.
249 3023 457 3085 Consentanee
470 3021 518 3084 his
531 3021 696 3084 Tridentini
710 3021 819 3100 verbis,
832 3045 848 3083 α
862 3024 1068 3106 SacraCongr.

96 3135 111 3172 a
136 3110 249 3174 Concit.
266 3111 401 3188 censuit,
416 3111 600 3192 approbante
614 3111 822 3190 sanctissimo,
837 3112 875 3174 ad
888 3113 1069 3176 erectionem

96 3223 112 3261 a
138 3199 309 3282 praebendae
329 3199 506 3279 ttreologatis
523 3200 634 3280 requiri
656 3201 805 3264 actualem
825 3200 1069 3283 deputationem;

96 3311 111 3349 u
137 3295 167 3352 ct
181 3288 269 3366 idco,
284 3289 308 3349 ni
324 3287 355 3351 in
371 3289 539 3371 provisione
560 3289 734 3353 Praebendae
747 3309 807 3352 uon
828 3289 917 3354 tuerit
932 3289 1008 3352 iacta
1021 3309 1070 3351 ac-

96 3400 112 3438 ι»
137 3378 227 3441 tuatis
245 3377 414 3460 deputatio,
430 3395 490 3439 non
506 3395 594 3458 possa
611 3380 764 3462 provisum
778 3380 844 3461 cogi
863 3378 946 3442 obire
961 3397 1071 3442 uranus

96 3490 111 3528 a
137 3467 270 3530 tecturae.
287 3489 303 3526 o
322 3469 364 3528 Ex
378 3465 464 3529 Card.
477 3467 574 3543 Petra,
589 3485 638 3550 ap.
652 3469 757 3544 Bouix,
772 3469 817 3532 De
832 3468 944 3550 Capta,
958 3488 988 3550 p.
1002 3471 1068 3530 tro.

137 3559 227 3620 2199.
250 3557 374 3630 Ouaerit.
393 3559 424 3618 t·
440 3557 488 3618 Au
500 3554 690 3638 Theologatis
701 3557 809 3620 debeat
821 3575 888 3620 esse
904 3556 1070 3619 necessario

97 3645 291 3709 eanonicus?
