2522 3996
175 285 195 344 ll
393 301 531 351 ulnulas
551 301 652 350 nonus
672 301 754 349 mars
774 298 923 348 canonici.
1030 317 1032 321 -

172 421 204 466 m
227 401 357 487 praelatis
373 403 471 467 verbis
485 422 548 467 non
566 401 997 486 significarentur‚remanerel
1016 397 1147 481 proban·

172 491 245 555 dum
259 492 341 576 qubd
355 493 387 556 in
401 493 506 556 iisdem
520 501 626 574 agatur
639 491 677 553 de
690 489 840 574 parochis.
858 488 983 550 Parocbi
998 506 1071 568 ergo
1086 506 1148 550 non

172 589 243 643 sunt
256 581 451 644 institutionis
464 580 582 643 divinae.
607 583 688 662 Ergo
702 586 773 642 sunt
787 578 904 641 lantbm
916 576 956 640 (le
971 577 1039 657 iure
1052 575 1147 640 ercle·
1258 607 1259 618 κ

171 669 289 732 siastico
301 669 425 748 (Bonis,
441 669 529 746 iliu,
546 689 576 751 p.
589 671 649 750 80).

211 759 334 821 Frustrb
341 759 524 839 objiceretur
533 777 585 820 eos
599 776 665 821 esse
675 756 872 820 institutionis
881 756 990 818 divinae
1001 755 1147 818 cumillc-

171 864 239 909 rum
248 845 1148 926 ministeriumsitEcclesiaenecessarium.Nametsispiritu·

172 936 226 996 alis
235 954 288 998 seu
299 937 455 1017 pastoralis
464 937 634 1000 animorum
649 955 722 999 cura
732 936 769 998 sit
777 935 808 997 in
816 935 1124 1014 Ecclesitnecassaria
1136 979 1145 1011 ,

63 1035 64 1038 ’
172 1024 236 1086 baec
249 1031 351 1088 tamen
366 1023 452 1088 aliter
461 1029 554 1109 qulam
568 1045 623 1109 per
636 1025 784 1108 parochos
798 1023 930 1086 exerceri
943 1029 1059 1105 potest:
1076 1041 1145 1103 pos-

172 1119 239 1174 sent
260 1114 342 1176 enim
366 1114 448 1177 illam
469 1133 609 1178 exercere
634 1114 792 1196 Episcopi,
815 1113 861 1175 rcl
885 1131 939 1194 per
953 1113 1082 1192 seipsos,
1100 1111 1144 1173 vel

173 1219 225 1282 per
239 1220 339 1266 meros
346 1201 509 1285 delegatos,
525 1211 558 1266 ut
570 1204 608 1266 de
620 1203 695 1267 lacto
709 1203 834 1284 contigit
843 1202 993 1284 prioribus
1002 1200 1142 1263 Ecclesia

172 1291 307 1370 succulis,
324 1293 404 1375 quod
421 1312 503 1357 nunc
515 1301 561 1357 cst
574 1291 864 1356 demonstrandum¹
883 1309 891 1351 ε

173 1419 261 1479 laco.
288 1420 453 1501 Propositio
474 1423 504 1482 2.
517 1455 556 1466 -
567 1417 693 1483 Parecbi
719 1437 781 1480 non
796 1417 936 1481 exstitere
949 1416 980 1480 in
995 1417 1145 1499 parochiis

210 1507 361 1570 ruralibus
389 1509 445 1570 nisi
472 1509 552 1572 circa
579 1507 619 1570 tv
642 1508 813 1585 sacculum,
852 1512 883 1570 at
912 1508 944 1569 in
978 1506 1145 1568 civitatibus

210 1593 316 1673 (Roma
336 1595 413 1660 forte
434 1605 463 1660 et
485 1597 665 1660 Alexandria
678 1597 820 1682 exceptis)
838 1605 908 1660 ante
922 1614 1039 1658 annum
1053 1599 1141 1658 1000.

210 1717 274 1780 Hoc
288 1718 377 1782 hodie
390 1738 445 1802 pro
460 1719 747 1802 compertohabetur
761 1718 842 1801 apud
857 1717 998 1788 eruditos.
1017 1725 1045 1780 et
1054 1735 1144 1781 cons-

170 1811 211 1866 tat
224 1807 392 1870 innumeris
405 1809 585 1871 testimoniis
607 1811 624 1870 b
642 1808 840 1871 Thomassinc
864 1815 894 1871 et
916 1809 934 1869 b
952 1809 1046 1870 Mario
1060 1810 1144 1890 Lupo

170 1892 366 1974 Bergamensi
388 1898 580 1974 coacervatis,
609 1915 740 1978 quorum
766 1899 884 1960 tantum
910 1896 1049 1978 quaedam
1071 1897 1143 1960 seli·

170 2000 293 2062 prmus:

210 2075 242 2132 1⁰
261 2073 384 2154 Legitur
397 2073 429 2136 in
446 2075 640 2157 llpologeticb
653 2080 684 2137 2·
699 2078 731 2137 S.
747 2073 878 2138 Justini:
898 2096 913 2132 o
927 2075 1004 2136 Solis
1018 2075 1067 2138 dic
1078 2076 1143 2152 (sci-

170 2179 187 2220 a
209 2159 279 2224 licet
289 2163 472 2246 Dominiet)‚
484 2165 622 2227 omnium
633 2165 862 2247 quiinurbibus
871 2163 917 2226 rel
927 2166 1007 2244 agris
1016 2164 1141 2246 degunt,

169 2268 185 2308 u
209 2250 240 2311 in
264 2252 394 2314 eumden
415 2253 516 2316 locum
539 2259 704 2317 conventus
730 2253 801 2316 lit...
827 2253 1007 2335 Praepositus
1021 2261 1140 2336 praeest,

168 2359 184 2399 ι
207 2345 237 2401 et
251 2339 469 2405 Eucharistiam
484 2343 589 2406 lacit...
606 2344 781 2407 Distributio
801 2341 834 2403 srt
849 2343 958 2424 cuique
978 2345 1115 2424 praesenti
1132 2365 1140 2405 ε

167 2447 184 2486 a
208 2427 384 2494 absentibus
398 2451 451 2514 per
465 2433 614 2497 Diaconos
635 2433 803 2494 mittitur.»
828 2433 913 2492 Certe
934 2431 974 2492 ibi
998 2431 1143 2494 duntaxat

71 2589 77 2602 p
168 2523 232 2577 erat
246 2519 405 2598 parochia,
422 2522 475 2584 ubi
499 2524 598 2584 solum
625 2521 854 2584 celebrabantur
875 2520 1018 2600 mysteria
1043 2529 1072 2582 et
1092 2522 1143 2582 ad·

168 2605 414 2673 ministrabantur
441 2617 648 2688 sacramenta;
678 2609 761 2691 atqui
785 2616 921 2690 tempore
943 2611 975 2671 S.
1004 2611 1139 2690 tustini,

167 2694 279 2758 scilicet
291 2700 425 2763 secundo
440 2701 569 2772 saeculo,
589 2718 651 2761 non
673 2699 705 2761 in
719 2699 846 2780 singulis
861 2699 948 2772 locis,
965 2697 1063 2760 sedin
1080 2718 1141 2763 uno

167 2787 285 2848 tantum
313 2789 541 2852 celebrabantur
564 2788 706 2871 mysteria
730 2805 833 2862 sacra,
861 2786 913 2849 ubi
942 2791 1052 2869 nempe
1078 2798 1142 2851 erat

167 2873 346 2956 Praepositus
360 2896 415 2940 sau
428 2879 605 2960 Episcopus,
620 2883 649 2938 et
663 2878 694 2938 in
708 2895 744 2938 eo
755 2876 821 2940 loco
839 2885 1025 2940 sacramenta
1039 2877 1141 2940 admi-

167 2961 381 3028 nistrabantur.
409 2969 489 3048 Ergo
510 2967 549 3028 ibi
574 2972 637 3029 erat
656 2967 774 3028 tantum
798 2965 938 3048 parochia
960 2986 1013 3028 seu
1041 2969 1141 3048 pollirs

80 3109 82 3112 ,
166 3050 413 3132 Caputdioecesis.
422 3057 503 3137 Ergo
511 3061 617 3136 prater
630 3055 783 3118 dioecesim
800 3055 890 3117 nullae
905 3061 980 3117 tunc
993 3063 1140 3138 erantpa-

166 3139 288 3203 rocbiae.

210 3251 226 3288 a
248 3230 424 3312 Parochiae‚
439 3233 540 3317 inquit
557 3235 689 3298 Ferraris
712 3236 753 3316 lv·
776 3233 937 3311 Pcrocbio,
953 3243 987 3294 n·
1005 3240 1047 3314 Ἰ),
1061 3243 1140 3298 antr-

197 3360 205 3386 ⁸
225 3361 276 3414 Etsi
289 3363 389 3428 parochi
403 3379 452 3416 uon
465 3363 514 3416 sint
526 3364 687 3418 institutionis
700 3363 804 3424 divino.
817 3370 875 3414 sunl
885 3369 966 3413 tamen
979 3364 1139 3417 institutionis

165 3434 384 3488 ecelaiesricaeer
395 3437 441 3487 sub
454 3437 501 3488 boc
511 3438 582 3488 titulo
595 3453 702 3489 annexas
715 3435 861 3488 bubeutsibi
875 3435 1047 3503 prerogativis
1058 3437 1087 3484 ab
1099 3437 1140 3488 Ec·

165 3507 239 3558 clesit
252 3521 391 3558 concessas.
406 3509 541 3576 Episcopus
557 3525 616 3576 ergo
630 3510 703 3560 bodie
716 3523 764 3559 non
779 3515 860 3576 posset
874 3507 971 3558 allicere
984 3509 1139 3572 utparochur

166 3578 212 3629 rite
231 3578 358 3629 institutus
378 3580 496 3647 nulleque
513 3583 616 3632 censuri
636 3581 786 3641 innodatus,
806 3595 855 3629 non
877 3578 1036 3643 heberarius
1056 3579 1138 3630 munia

166 3649 297 3716 pastoralis
316 3651 439 3714 obeundi,
454 3659 496 3703 aut
513 3663 539 3702 ut
561 3651 593 3703 ita
605 3652 743 3719 jurisdictio
756 3649 833 3716 ipsius
845 3649 1032 3700 imminueretur
1049 3656 1077 3699 ut
1088 3649 1139 3702 ierb

74 3741 83 3815 }
93 3799 95 3806 Α
167 3718 249 3770 iuncis
265 3729 412 3774 remunerat.
427 3723 467 3774 Sic
479 3723 569 3774 Bancd.
581 3723 631 3774 lllll
645 3723 682 3786 lde
692 3721 765 3787 Sum,
779 3720 822 3771 lib.
835 3721 859 3781 ⁵,
872 3735 926 3786 cap.
939 3719 961 3782 l,
976 3731 1004 3768 nr
1015 3719 1050 3780 3).
