2522 4028
167 244 225 304 998
387 255 523 300 utnulla
543 255 643 299 rorrns
663 255 745 298 runis
766 253 914 298 canonici.

208 357 294 417 1930.
321 351 584 414 Administralores
597 357 698 413 autern
714 349 1004 432 locorumpiorum,
1024 357 1078 413 aut
1096 353 1144 413 ri-

167 443 313 518 duarum‚
330 448 382 503 aut
402 439 585 522 pupillorum
600 439 821 519 indigentium,
837 439 889 520 qui
911 443 1002 500 causa
1024 439 1148 520 pietatis

167 532 225 594 tale
239 549 317 593 onus
331 536 528 610 susceperunt
539 577 546 599 ‚
557 527 688 590 ordinari
704 536 842 609 possunt,
858 527 949 589 etiam
962 535 1032 590 ante
1045 529 1149 590 reddi-

169 629 213 683 tas
227 621 375 682 rationes:
392 638 427 680 ex
442 637 508 698 cap.
525 621 553 692 l,
569 617 615 680 Ne
628 617 746 692 clerici,
758 635 786 679 c.
798 620 834 692 6,
849 637 880 699 q.
898 620 928 693 l,
944 623 974 678 el
986 635 1053 700 cap.
1065 619 1149 680 Per-

170 709 259 783 venit,
275 711 450 788 eausabq
454 711 507 768 ..3
527 709 568 787 (S.
585 705 719 786 Lignea,
735 707 747 765 a·
750 703 807 766 id
812 709 821 782 )

210 801 277 860 Non
292 798 360 859 licet
372 795 488 858 clericis
498 795 740 876 procurationem
755 812 859 874 gerere
872 813 1009 877 personae
1022 795 1151 876 privatae

171 887 322 948 mutaris
336 903 398 946 non
417 883 610 955 miserabilis,
634 901 704 944 curn
725 881 906 962 obligatione
930 883 1076 945 reddendi
1096 904 1151 946 ra-

171 975 283 1042 tiones.
299 979 332 1034 ul
347 971 473 1034 habetur
486 990 523 1033 ex
541 990 608 1054 cap.
625 971 686 1034 Sed
701 975 796 1045 raet,
812 991 847 1033 ne
860 971 1026 1034 alenciaci
1039 993 1149 1037 mon...

172 1065 239 1125 Non
266 1068 368 1123 tamen
394 1060 504 1124 dicitur
523 1061 606 1142 qubd
628 1067 701 1123 tunc
727 1019 854 1124 clericus
882 1060 934 1122 liat
959 1062 1149 1144 irregularis.

173 1153 205 1214 S.
222 1151 354 1232 Liguor„
371 1149 445 1212 ibid.

131 1233 135 1239 ’
214 1239 341 1313 Quidam
363 1238 441 1320 apud
457 1239 547 1300 Collel
567 1239 663 1316 (.Cnrs
680 1238 796 1322 compl„
817 1246 892 1301 torn.
919 1245 977 1316 ll,
1000 1239 1058 1302 col.
1075 1245 1151 1318 illu)

1238 734 1247 981 l

175 1330 329 1430 excipiunt
342 1329 366 1389 si
386 1351 401 1386 a
413 1328 493 1407 jam
486 1328 557 1409 ipsis
571 1327 712 1390 actioseu
727 1328 763 1388 lis
777 1337 857 1390 mota
873 1328 976 1403 luerit,
992 1337 1041 1390 aut
1052 1330 1155 1390 subsit
1241 1348 1247 1405 '.

175 1441 191 1477 a
215 1418 346 1499 suspicio
367 1416 471 1478 doli.»
499 1415 555 1477 liiii
570 1416 674 1479 dicunt
692 1415 773 1498 qudd
792 1425 864 1479 tunc
879 1417 1079 1498 irregularitas
1096 1437 1155 1500 per

175 1507 358 1589 Episcopum
369 1506 462 1588 possit
475 1505 695 1582 relaxari.-(S.
713 1506 848 1585 Lignea,
864 1505 917 1583 tl.)

217 1599 305 1659 193l.
332 1617 348 1654 a
369 1598 456 1658 Notat
470 1595 595 1672 (autem)
612 1593 723 1655 Bened.
745 1597 810 1656 xlv
827 1595 934 1670 (incest.
955 1615 1055 1656 canon.
1071 1601 1152 1674 aab,
1249 1557 1250 1596 ἶ

177 1709 192 1746 a
217 1687 248 1751 S.
265 1687 374 1766 Congr.
391 1684 504 1746 Concil.
520 1683 687 1746 declarasse
700 1701 770 1744 eurn
789 1683 839 1763 qui
857 1684 1007 1744 solvendis
1020 1683 1153 1746 creditn-
1249 1711 1250 1774 j

178 1796 193 1833 a
219 1774 303 1836 ribus
318 1775 430 1854 impar,
455 1771 544 1833 cessit
558 1771 644 1834 bonis
663 1773 739 1842 suis,
765 1790 825 1834 non
848 1789 913 1834 esse
928 1771 1153 1834 ordinandum:

178 1883 193 1918 a
218 1863 326 1942 parlirn
339 1907 347 1937 ‚
359 1869 391 1923 ut
400 1859 533 1935 ridetur,
549 1869 671 1942 propter
680 1859 844 1942 quamdam
862 1860 1028 1933 infamiam,
1040 1865 1156 1942 [tartiru

179 1974 194 2010 a
218 1951 289 2030 quia
302 1951 325 2010 si
350 1949 470 2010 redierit
484 1948 522 2010 ad
536 1951 726 2032 pinguiorem
744 1949 895 2012 fortunam
908 1997 916 2020 ‚
932 1951 989 2012 erit
1001 1950 1158 2014 obnoxius

180 2061 195 2098 n
219 2038 379 2100 reddendis
391 2037 565 2100 ratiociniis.
582 2060 597 2096 a
616 2041 778 2119 (laquear,
791 2047 823 2099 n⁰
838 2043 897 2100 494
912 2039 942 2099 in
953 2038 1037 2122 line.)

548 2215 702 2272 PUNGTUll
721 2216 787 2274 llll.

312 2355 350 2399 nu
370 2352 627 2400 nnaonuauraru
647 2353 686 2398 ux
706 2353 835 2399 nurnero
855 2354 1020 2402 enarraris.

223 2496 310 2554 1939.
334 2491 451 2572 Duplici
466 2491 557 2554 modo
569 2489 754 2553 contrahitur
769 2491 970 2573 irregularitas
983 2513 1019 2556 ex
1034 2494 1155 2558 delectu

183 2583 330 2732 lepitana
345 2585 399 2663 qui
412 2581 495 2644 modi
507 2581 705 2663 explanantur
719 2583 750 2641 in
760 2581 1015 2663 propositionibus
1026 2601 1153 2666 sequen«

183 2673 203 2734 ti
226 2691 280 2734 us:

183 2797 348 2882 Proposr'tic
362 2805 390 2861 l.
406 2833 446 2846 -
459 2797 640 2878 Irregulares
661 2801 733 2858 sunt
753 2815 791 2857 ex
803 2797 923 2859 defectu
938 2797 1084 2876 lenitatis,
1099 2803 1154 2881 qui

224 2907 316 3040 ἓξὲξ]
331 2887 453 2968 propria
468 2885 499 2946 in
514 2885 592 2947 bello
611 2885 692 2964 justo
712 2883 856 2946 cilensivo
869 2885 1013 2948 occidunt
1024 2887 1070 2950 vel
1086 2905 1148 2950 mu·

225 3105 372 3166 Probatur
384 3120 421 3163 ex
435 3120 502 3182 cap.
525 3101 639 3163 Petilio
654 3111 723 3174 tua,
748 3099 783 3162 de
796 3099 955 3162 bmniadio
968 3101 1156 3166 aleatorio.-

185 3193 256 3273 quia
269 3189 401 3253 Ecclesia
415 3189 556 3251 abhorret
568 3192 586 3250 b
602 3190 760 3270 sanguine.

226 3283 314 3342 ¹933.
340 3279 452 3340 Dicitur
466 3283 496 3340 l⁰
518 3277 575 3353 Oai
588 3277 714 3361 proprid
732 3297 821 3338 mona
840 3278 973 3340 occidunt
993 3279 1040 3341 uel
1060 3283 1155 3343 mati-

188 3371 271 3432 tant:
287 3367 370 3431 unde
384 3368 556 3450 irregularis
569 3386 630 3428 non
645 3373 725 3428 esset
734 3367 861 3429 clericus
870 3367 1031 3431 exhortans
1043 3369 1080 3430 ad
1096 3369 1154 3432 lor·

187 3460 254 3520 liter
266 3457 465 3539 pugnandum
480 3461 510 3518 in
519 3456 681 3535 bellojuslo
694 3455 785 3517 etiam
794 3455 949 3533 ollensiv03
959 3475 1047 3520 secus
1055 3466 1152 3523 umen

186 3545 212 3606 si
225 3543 262 3607 ad
276 3545 477 3608 occidendum
491 3543 573 3607 bunc
585 3545 630 3605 vel
646 3543 732 3606 illum
746 3545 777 3604 in
793 3544 979 3624 particulari,
1003 3545 1072 3607 licet
1085 3565 1155 3628 prc-

188 3633 325 3696 babiliter
346 3636 377 3695 in
398 3634 455 3696 boc
469 3633 676 3694 contradicant
695 3632 863 3720 Salmant,
886 3651 935 3712 ap.
960 3633 992 3694 S.
1007 3633 1153 3715 Lignea,
