2486 3984
431 198 515 248 ttntttt
537 199 657 247 raldus.
979 185 1036 242 159

75 335 89 374 r
111 313 316 377 constitutum.
337 310 409 374 »Ita
423 327 489 392 cap.
505 307 641 372 Amuttts
651 355 660 384 ,
670 305 797 370 deceroto
806 312 835 368 et
845 303 971 387 quatit,
985 311 1042 374 eto.

113 403 373 466 Subdiaconorum
384 395 1044 462 muneradescribunturincanonePeriectia

74 495 103 571 l,
117 493 184 554 dist.
199 496 238 554 25
252 540 260 568 ‚
275 510 310 554 ex
326 493 356 552 S.
375 489 500 552 isidoro.
519 489 593 549 Vide
607 488 697 548 etiam
713 483 899 561 Pobtr'ficole.

110 585 142 644 ln
162 582 290 644 articulo
314 579 495 662 praecedenti
518 575 719 659 expendimus
742 593 782 636 an
804 573 1042 636 subdiaconatus

76 669 107 732 stt
117 679 336 734 sacramentum
352 671 468 749 (tosa).

110 765 195 824 toas.
223 759 309 842 Apud
328 777 441 840 graeoos
457 757 579 819 materia
593 761 623 817 et
637 754 731 817 torma
746 751 985 818 subdiaconatus
998 759 1043 820 est

77 869 217 912 nranuum
248 851 418 932 impositio:
448 847 529 929 apud
552 849 672 910 Latinos
694 845 923 908 controvertitur
946 864 984 906 an
1004 845 1043 910 stt

79 941 145 1001 catix
159 959 228 1002 cum
238 943 361 1022 patena,
376 938 420 1000 vel
432 938 520 999 Liber
534 936 754 1018 Epistotarum:
769 934 817 996 atii
832 933 938 996 dicunt
949 943 1041 999 mate·

78 1029 142 1090 riam
162 1031 333 1110 proximam
352 1047 417 1090 esse
432 1029 526 1090 setam
541 1026 732 1088 traditionem
754 1025 854 1086 caliois
868 1025 951 1087 itacui
967 1045 1038 1093 cum

77 1123 217 1198 potentat
227 1119 358 1180 formam
369 1119 460 1180 verba
470 1115 738 1198 corespondentia:
758 1113 856 1176 Videte
870 1117 963 1196 cajus,
977 1125 1035 1181 eto.

78 1207 130 1268 Atii
142 1211 210 1270 vord
225 1209 335 1270 dicunt
347 1210 505 1270 materiam
518 1204 707 1268 essentialem
729 1222 794 1266 esse
811 1205 935 1286 insuper
948 1207 1038 1268 tradi·

77 1296 181 1358 tionem
197 1297 280 1358 Libri
296 1299 511 1379 Epistotarum,
523 1295 592 1377 quia
608 1313 719 1356 munus
733 1301 777 1355 est
786 1293 960 1356 subdiaconi
971 1315 1036 1378 spe-

75 1385 140 1448 ctate
165 1387 344 1450 sotemnitcr
358 1387 506 1470 Epistotas
527 1385 636 1466 tegere.
652 1384 776 1464 lnpraxi
792 1385 822 1445 S.
833 1385 953 1465 Lignor.
970 1383 1032 1462 (tib.

74 1478 106 1550 t,
122 1486 152 1538 n⁰
162 1479 233 1556 tto)
245 1476 321 1538 dicit
335 1478 530 1558 posteriorem
545 1473 623 1536 hanc
636 1472 816 1535 sententiam
829 1492 895 1536 esse
908 1493 1035 1557 sequen·

72 1563 152 1641 dam,
165 1575 271 1648 utpote
286 1569 426 1630 tutiorem
441 1573 471 1628 et
484 1585 545 1627 non
562 1562 803 1644 improbabilem.

105 1657 282 1738 Disputatur
305 1657 416 1738 pariter
438 1673 476 1718 an
496 1657 572 1718 catix
594 1660 625 1715 et
647 1658 771 1733 patena,
792 1652 824 1712 in
845 1651 1033 1720 ordinatione

71 1745 305 1809 Subdiaconatds
319 1745 508 1818 adhibenda,
524 1748 697 1807 consecrata
709 1760 774 1803 esse
788 1741 916 1804 debeant
925 1761 939 1818 ,¹
952 1747 1033 1808 certo

70 1835 181 1912 quidem
191 1844 369 1899 consecrata
378 1855 443 1898 esse
455 1835 564 1897 debent
574 1853 611 1894 ex
626 1835 801 1894 necessitate
813 1835 968 1914 praecepti,
979 1833 1032 1898 sed

70 1928 290 1988 controvertitur
308 1945 346 1987 an
366 1926 434 1988 tatia
448 1944 513 1988 esse
525 1923 654 1985 debeant
668 1942 723 2004 pro
741 1924 888 1986 validitate
909 1925 1030 1990 ordina·

70 2011 158 2076 tionis.
179 2017 212 2076 ln
227 2016 315 2098 praxi
330 2017 460 2078 tenenda
473 2021 519 2076 est
531 2014 678 2076 sententia
692 2011 854 2076 affirmans.
863 2016 893 2077 S.
907 2016 1028 2094 Lignor.

70 2101 173 2181 (idid).

104 2196 184 2256 ttitttt.
212 2195 301 2257 Circa
327 2193 534 2277 poenitentiam
562 2193 702 2257 Diaconis
722 2201 752 2258 et
772 2194 969 2260 Subdiaconis
991 2199 1028 2260 ab

69 2281 205 2366 Episcopo
215 2293 284 2366 post
294 2285 514 2347 ordinationem
529 2285 743 2366 imponendam
757 2332 765 2362 ‚
780 2287 890 2348 dicitur
906 2288 935 2348 in
952 2289 1028 2350 Pon-

71 2371 189 2449 tifieub':
214 2375 293 2435 abd
314 2373 570 2438 subdiaconatum
590 2375 636 2436 vel
657 2376 854 2438 Diaconatum
874 2378 1026 2458 (promoti)

70 2479 82 2512 v
101 2461 285 2526 Nocturnum
310 2464 377 2524 tatis
397 2463 494 2526 diei...
515 2463 659 2525 dicite.:.v
686 2465 763 2526 Cum
786 2467 857 2526 verb
874 2465 913 2528 de
936 2484 1026 2530 sensu

70 2543 165 2612 horum
179 2553 342 2616 verborum
356 2553 576 2634 disputaretur,
596 2553 776 2634 interrogata
791 2555 822 2615 S.
840 2555 896 2616 stit.
913 2559 1023 2637 congr.

71 2651 101 2696 an
114 2638 172 2703 baec
185 2643 276 2705 verba
290 2642 328 2704 de
339 2649 402 2704 toto
416 2643 519 2704 Officio
534 2650 683 2705 nocturno
704 2650 735 2704 et
748 2643 898 2705 Laudibus
913 2645 1025 2709 intetti-

71 2729 287 2808 ponderassem,
302 2732 349 2794 vet
369 2731 408 2794 de
430 2731 521 2794 unico
539 2735 693 2794 Nocturno
714 2732 862 2812 etquati?
877 2734 965 2815 Resp.
987 2741 1022 2800 tt

71 2831 128 2896 ang.
140 2823 214 2884 totto
226 2821 420 2904 intelligenda
431 2840 497 2886 esse
517 2821 582 2884 vde
596 2823 687 2884 unico
703 2823 857 2883 Nocturno
871 2821 964 2886 feriati
978 2827 1024 2890 vel

71 2922 83 2958 t
103 2905 244 2988 deprimo
258 2913 424 2974 Dominicae
434 2913 507 2974 utin
523 2911 674 2993 psalterio,
684 2910 713 2973 id
727 2910 937 2976 estduodecim
951 2917 1024 2997 psal·

70 3011 83 3047 r
103 3011 213 3060 ntorum
223 3018 294 3062 cum
305 2999 368 3062 suis
376 3001 546 3084 antiphonis
555 3000 593 3062 de
600 3002 856 3084 temporeatnutta
866 3002 897 3066 m
910 3007 1023 3070 mentio

71 3079 306 3168 deiectionibus,
326 3109 383 3152 nec
393 3091 430 3153 de
447 3091 616 3154 invitatorio
625 3099 656 3153 et
666 3091 791 3176 hymno)
805 3113 922 3176 aquom
933 3097 1022 3178 Epis·

70 3188 183 3254 »copus
199 3177 359 3260 designare
379 3189 493 3262 potest,
514 3180 560 3242 vet
582 3182 676 3264 ipsius
688 3181 746 3244 diei
762 3201 824 3264 quo
837 3182 927 3245 habet
940 3186 1022 3248 ordi-

72 3277 83 3313 t
106 3265 249 3328 nationem
276 3269 322 3330 ret
343 3269 465 3332 atterius
491 3289 546 3351 pro
573 3289 628 3333 suo
649 3271 799 3333 arbitrio»
820 3293 829 3345 ;
855 3273 895 3334 ita
913 3283 1021 3338 utnon

72 3352 149 3424 possit
169 3353 326 3437 designare
348 3367 530 3422 nocturnum
550 3360 638 3422 oflicii
654 3361 747 3423 tribus
761 3363 877 3423 tantum
898 3365 1021 3445 psatmis

74 3452 253 3508 constantem.
268 3448 297 3508 Si
308 3449 377 3508 verd
390 3449 557 3530 Episcopus
569 3450 640 3512 nthtt
649 3451 728 3512 atiud
737 3455 913 3532 expresserit
927 3460 1021 3533 quam

74 3528 141 3626 quod
158 3533 245 3595 verba
264 3535 444 3598 pontificatis
462 3547 585 3616 sonant,
604 3539 768 3602 dicendum
789 3548 835 3602 est
848 3556 1020 3606 nocturnum

75 3611 163 3690 [erote
178 3627 414 3707 correspondens
433 3627 473 3688 itti
489 3627 548 3690 diei
568 3630 599 3690 in
618 3648 679 3711 quo
702 3630 777 3692 iacta
800 3639 844 3692 est
858 3633 1017 3694 ordinatio.

73 3698 104 3764 'b
116 3707 260 3792 Anotera,
272 3719 307 3778 tt
318 3714 397 3788 tiva..
407 3715 465 3780 col.
475 3719 623 3782 ddi-848.
636 3721 706 3792 3513
717 3717 826 3780 etRev.
838 3719 887 3780 des
896 3719 1019 3778 sesemen
