2522 3992
475 283 558 327 arnan
581 281 697 328 eortius.
1010 261 1068 321 tro

133 379 222 440 2656.
247 377 370 448 Ouaerit.
395 381 440 439 dn
463 378 616 460 prorogari
634 379 725 459 possit
746 383 865 459 torturus
879 375 1068 438 Novitiatds‘?

133 467 224 549 Resp.
239 467 435 542 dllirmativb,
452 469 476 529 si
491 466 567 529 adsit
582 467 714 548 legitima
729 486 833 530 causa:
853 485 951 540 secus,
968 465 991 525 si
1008 483 1068 525 non

94 555 170 620 adsit
187 573 194 616 a
211 555 255 619 sic
268 555 350 618 enim
365 555 453 618 habet
467 556 581 618 Concil.
598 556 732 618 Trident.
749 559 833 633 (sess.
850 561 909 632 25,
925 574 991 636 cap.
1009 558 1067 632 lo,

95 645 139 707 De
154 644 295 724 Reguli:
315 666 329 702 o
344 644 442 706 Finito
456 651 591 726 tempore
614 645 794 718 Novitialbs,
810 646 998 726 Superiores,
1015 661 1068 704 no-

95 755 111 794 u
135 731 1068 815 uitiosouoshabilesinvenerint,adprofessionemadmittant,

95 845 110 882 a
136 829 187 885 aut
201 824 218 884 e
234 823 414 884 monasterio
428 841 480 884 eos
494 823 624 901 ejiciant.
641 845 656 882 o
674 823 872 904 Excipiuntur
892 822 1003 884 ibidem
1027 839 1071 882 re-

96 911 193 993 ligiosi
218 912 372 974 societatis
395 913 467 974 lesu
495 929 625 991 quorum
652 912 817 976 Noritietus
839 929 892 993 per
912 909 1070 973 biennium

96 1001 259 1082 perdurare
273 1000 371 1062 debet.

137 1087 367 1170 Legitinritat'em
381 1093 489 1151 nostrae
498 1089 703 1170 responsionis
717 1089 846 1152 ostendit
860 1092 891 1152 S.
908 1091 1018 1170 Congr.
1034 1105 1070 1150 ex

96 1197 149 1240 ore
164 1181 194 1241 S.
220 1178 262 1240 Pii
280 1180 328 1239 V:
355 1178 529 1240 «Sanctitas
547 1181 607 1240 Sua
626 1177 698 1240 dixit
718 1180 877 1242 Decretum
897 1177 1069 1257 hujusmodi

96 1290 112 1326 r
137 1267 259 1329 Concilii
282 1267 424 1344 (Tridenl.
451 1267 542 1332 modo
561 1268 699 1346 relatum)
718 1268 881 1350 procedere
900 1269 1017 1329 tantona
1039 1266 1070 1328 in

97 1379 112 1415 o
138 1356 195 1418 illis
211 1356 333 1418 Noriliis
348 1375 424 1438 quos
439 1358 635 1438 Superiores,
651 1357 734 1437 lapso
744 1363 880 1437 tempore
894 1357 1069 1430 Novidntus,

98 1468 113 1504 o
138 1445 251 1506 habiles·
274 1446 473 1512 imenerunt,
497 1463 559 1506 non
583 1445 734 1507 antemio
760 1445 806 1506 his
825 1465 902 1526 quos
927 1445 1072 1506 inhabiles

99 1556 114 1592 a
138 1534 331 1602 invenerunt,
341 1542 373 1596 ut
388 1539 458 1594 sunt
472 1533 511 1594 illi
523 1534 575 1614 qui
591 1553 653 1594 non
668 1535 746 1595 bene
759 1533 927 1596 didicerunt
939 1554 946 1609 ;
960 1541 988 1593 et
1006 1533 1072 1595 ideo

101 1643 115 1682 u
141 1621 222 1702 quod
236 1623 339 1684 attinet
352 1622 389 1683 ad
407 1623 493 1698 illos,
510 1622 657 1683 Sanctitas
671 1624 732 1684 Sua
749 1624 895 1682 concessit
919 1621 1000 1702 quod
1015 1626 1071 1683 Su·

100 1733 116 1770 r
141 1711 272 1792 periores
287 1715 402 1792 possint
417 1711 596 1791 prolongare
616 1711 736 1774 illorum
752 1709 968 1772 Prosessionem
988 1710 1073 1770 dum-

99 1822 114 1858 o
141 1800 230 1862 niodo
245 1800 375 1861 habeant
388 1817 473 1881 spem
489 1800 674 1881 probabilem
689 1800 769 1882 qubd
782 1800 948 1862 elliciantur
960 1799 1073 1861 habiles

98 1909 113 1949 o
140 1888 216 1951 inira
230 1907 282 1950 sex
297 1907 427 1950 menses.
445 1911 460 1947 n

140 1983 229 2040 2657.
243 1977 510 2057 Praelatislegibus,
520 1977 949 2062 Noritiatumrespicientibus,
958 1997 1019 2040 non
1030 1995 1074 2038 as-

99 2069 273 2148 tringuntur
288 2067 538 2147 congregationes
553 2068 582 2128 in
596 2068 707 2149 quibus
725 2071 917 2130 votalambm
927 2067 1074 2148 simplicia

100 2158 292 2232 emittuntur;
305 2156 385 2218 unde
400 2158 430 2217 in
445 2155 480 2217 iis
494 2157 657 2218 Noritiutos
671 2177 751 2220 armo
765 2159 882 2220 brevior
896 2176 960 2220 esse
975 2163 1073 2239 posset

100 2246 174 2328 quin
191 2246 257 2307 ideo
271 2251 351 2308 esset
364 2245 475 2306 nullus.
492 2247 601 2316 bouix,
618 2245 669 2317 ib.¹
689 2268 720 2329 p.
735 2252 803 2310 578.

141 2336 263 2416 Regula
278 2353 333 2416 pro
348 2335 428 2395 re‘ctd
443 2335 626 2398 institutione
641 2344 669 2397 et
683 2337 900 2418 gubernatione
910 2337 1074 2398 Novitialds

100 2431 294 2505 exponuntur
319 2423 351 2484 in
374 2425 498 2484 Decreto
522 2424 682 2487 Clementis
704 2428 786 2505 Vlll,
811 2429 848 2488 19
869 2425 967 2486 martii
983 2429 1071 2487 lbbb.

103 2511 178 2576 Vide
191 2513 352 2589 Analecta,
368 2515 419 2576 40⁰
434 2511 514 2591 livr.,
528 2511 586 2575 col.
605 2517 672 2576 183.

481 2686 635 2744 PUNCTUlt
651 2687 680 2745 v.

341 2830 379 2874 ou
399 2827 538 2876 acerram
559 2828 628 2875 roeo
651 2827 835 2874 notrannus.

146 2964 234 3024 2658.
258 2959 410 3041 Quidquid
435 2959 524 3022 luerit
545 2959 583 3022 de
606 2961 674 3040 jure
699 2959 842 3041 antiquo,
864 2960 932 3040 jure
961 2963 1076 3022 novel

104 3051 219 3114 Concil.
235 3049 367 3112 Trident.
391 3049 581 3126 introducto,
596 3049 760 3110 Novitialus
780 3069 840 3112 non
862 3049 977 3112 ridetur
991 3070 1076 3130 posse

103 3141 170 3202 sieri
184 3147 266 3200 extra
279 3140 494 3200 monasterinm
504 3186 512 3214 ,
524 3139 568 3198 rel
583 3139 689 3200 domos
704 3138 823 3200 Ordinis
838 3158 929 3220 quem
949 3141 1078 3200 nuntius

103 3229 161 3292 sibi
177 3228 317 3310 proponit
330 3227 487 3307 amplecti,
505 3227 560 3288 nisi
574 3228 716 3308 Superior
726 3229 910 3308 permitteret
921 3229 1004 3288 aliter
1014 3227 1077 3287 lieri

103 3337 160 3402 per
180 3317 294 3397 aliquot
311 3335 432 3378 menses
449 3335 455 3376 z
472 3315 530 3378 boc
547 3315 735 3379 concluditur
751 3336 787 3378 ex
811 3317 924 3378 Correil.
944 3314 1076 3377 Trident.

102 3411 191 3486 (sess.
202 3409 252 3482 25,
267 3423 294 3468 c.
306 3409 366 3482 15),
376 3405 427 3466 ubi
437 3405 518 3466 irrita
532 3405 702 3468 decernitur
713 3406 857 3488 professio
869 3405 924 3466 nisi
937 3404 1079 3486 profitens

102 3517 159 3580 per
172 3513 279 3555 annum
294 3493 502 3576 inprobatione
516 3497 648 3569 steterit3
664 3495 694 3556 in
711 3496 887 3576 probatione
901 3500 1003 3555 autem
1019 3513 1080 3555 non

105 3591 164 3648 stat
178 3584 230 3665 qui
249 3589 332 3646 extra
350 3590 531 3646 conrentum
550 3584 649 3666 degit3
671 3585 746 3646 ratio
764 3583 854 3663 hujus
876 3583 1080 3664 dispositionis

106 3681 152 3736 est
166 3673 248 3754 quod
257 3673 341 3734 aliter
355 3689 413 3734 nec
427 3672 540 3753 Religio
555 3692 613 3736 nec
626 3673 754 3736 novitius
764 3677 886 3754 possent
899 3671 1080 3734 sufficienter
