2522 4028
480 337 567 384 urm
588 339 705 388 rnruos.
1024 322 1081 385 aut

113 451 177 494 non
196 439 297 496 aulum
319 431 427 496 divinae
450 433 596 511 existant,
618 437 767 514 originem
789 439 892 497 tamen
911 434 1028 498 ducunt
1046 435 1085 497 ab

112 524 276 604 Apostotis.

156 613 291 674 Diximus
304 629 395 694 supra
405 611 508 692 (1296)
519 612 636 675 nullum
650 613 795 676 exstitisse
808 609 975 697 parochum
987 611 1018 675 in
1031 615 1082 678 Eo

112 702 204 766 alesia
218 710 287 764 autc
300 710 441 783 quartum
456 701 620 764 sarculum:
637 709 711 764 tunc
724 719 759 764 ca
779 721 847 784 quaa
862 701 950 766 bodie
964 720 1017 784 per
1030 719 1083 784 pao

112 792 224 854 rochos
238 790 313 853 bunt
327 838 335 865 ,
351 792 517 872 Episcopus
530 790 666 873 explebat
680 792 724 853 vel
740 809 794 874 per
808 791 955 873 seipsum,
970 791 1014 852 vel
1033 804 1083 871 pet

112 899 205 945 suum
220 880 437 964 presbyterium
457 898 510 944 seu
528 879 697 962 Capitulum
711 879 901 959 arthemate,
922 887 987 943 lum
1001 880 1033 942 in
1046 878 1087 942 ci·

112 971 223 1044 vitate,
238 979 302 1033 tum
316 978 408 1033 extra.

157 1060 267 1133 Quinto
286 1063 357 1122 verb
379 1060 509 1136 saeculo,
524 1059 676 1124 constituti
695 1065 766 1123 sunt
785 1059 868 1135 ruri,
883 1057 1085 1142 praecipuisin

115 1151 211 1222 locis.
227 1150 345 1232 plebani
361 1167 414 1212 sen
428 1149 542 1212 rurales
556 1149 694 1231 parochi,
708 1150 789 1231 iique
801 1168 862 1211 non
872 1151 990 1211 tantum
1004 1147 1087 1229 Epis·

114 1257 211 1320 copo,
226 1238 277 1300 sed
293 1248 323 1302 et
335 1237 469 1321 Capitulo
482 1237 647 1300 Cathcdrali
661 1239 855 1302 remanebant
869 1238 993 1317 subjecti
1003 1239 1024 1299 ¹.

157 1329 215 1390 Por
229 1328 309 1390 mille
323 1337 424 1391 autern
438 1327 678 1405 annos‚nullus‚
689 1335 822 1409 utsupra
835 1325 966 1388 diximus
975 1327 1083 1406 (tabo),

115 1418 227 1480 exstitit
241 1417 388 1499 parocbus
407 1419 438 1478 in
460 1415 626 1479 civitatibus
639 1415 880 1492 Catbedralibus;
897 1415 928 1476 in
943 1415 980 1476 iis
991 1423 1086 1479 totum

117 1525 231 1569 munus
245 1507 412 1589 parochiale
433 1525 487 1588 per
506 1507 688 1587 Episcopum
702 1511 732 1567 et
745 1503 911 1586 Capitulum
931 1506 1087 1568 exerceba-

118 1602 185 1672 tur;
202 1600 292 1658 unica
306 1597 337 1658 in
347 1597 390 1678 eis
404 1603 467 1658 erat
480 1593 622 1676 parocbia
638 1611 746 1674 nempe
761 1592 957 1668 Catbedralis;
972 1601 1087 1659 caetcrae

117 1685 259 1748 Ecclesiae
272 1687 441 1768 collegiatae
461 1689 563 1762 crant,
577 1684 622 1746 vel
643 1682 939 1746 duntaxatoratoria.
958 1681 1084 1762 (Bouix,

117 1773 163 1836 De
178 1775 292 1855 Cupit..
307 1795 338 1858 p.
357 1778 418 1852 16.)

156 1869 246 1926 Elia.
270 1867 302 1925 ln
317 1883 373 1927 sno
386 1883 476 1946 operc
491 1864 548 1928 Dei
556 1863 701 1946 parochi,
716 1861 806 1924 Nardi
821 1859 1007 1924 demonstrat
1020 1863 1087 1926 Car-

118 1953 233 2018 dinalcs
247 1953 319 2015 nibil
341 1953 422 2016 aliud
440 1953 531 2016 luisse
553 1955 645 2034 quim
668 1951 833 2031 Collegium
853 1948 1042 2028 Catbcdralc,
1057 1959 1087 2015 ct

118 2043 285 2106 Canonicos
301 2042 372 2103 nibil
386 2043 467 2105 aliud
480 2046 572 2124 quam
580 2041 738 2121 cujuslibet
749 2038 1084 2103 EcclesiaeCardinales:

117 2131 256 2212 pluribus
270 2131 300 2193 id
315 2132 434 2212 probat;
450 2133 528 2193 inter
545 2131 603 2193 alia
621 2129 739 2212 insigne
755 2129 833 2192 istud
854 2137 1085 2204 monumcntum

117 2219 223 2283 relert:
239 2221 378 2283 «sancta
388 2219 743 2301 BergamcnsisEcclesiae
750 2217 1087 2282 Cardinalibast’arrcnr'-

117 2331 133 2369 r
157 2309 200 2371 ris
213 2309 409 2390 presbyteris,
424 2308 616 2375 diaconibus.
633 2307 880 2382 subdiaconibus,
897 2326 975 2389 quos
988 2311 1086 2372 Domi·

117 2419 132 2460 r
159 2416 217 2461 nus
232 2417 314 2461 nunc
328 2399 358 2460 in
370 2397 433 2460 rede
447 2399 539 2479 ipsias
552 2395 665 2458 ordinis
672 2395 853 2477 puderent.»
868 2398 974 2477 Agitur
985 2396 1034 2462 hlc
1048 2400 1086 2462 dc

117 2487 155 2550 iis
168 2487 221 2568 qui
235 2485 493 2568 degebantinrcde
503 2486 593 2569 r'pn'us
604 2485 728 2557 ordinis,
737 2503 790 2548 seu
800 2485 830 2546 in
844 2485 1008 2548 Cathedrali
1018 2507 1085 2570 quar

119 2575 198 2640 Ordo
206 2577 420 2658 appellabatur:
430 2575 558 2656 ideoque
566 2574 664 2637 clerici
675 2572 1086 2640 Catbedralcsdiccbanlurde

118 2663 230 2744 Ordine
242 2712 250 2740 ‚
262 2683 315 2727 scu
324 2665 490 2727 ordinarii.
500 2665 593 2727 Porrd
607 2664 637 2725 in
652 2661 773 2745 praelato
781 2667 865 2724 textu
878 2661 968 2725 iidem
979 2663 1085 2727 dicuu-

118 2758 168 2816 tur
183 2753 356 2816 Curdr'noles
370 2752 521 2816 Canoniri.
537 2755 635 2833 Ergo,
651 2757 708 2813 etc.

159 2843 193 2903 ln
206 2842 368 2924 diplomate
381 2841 513 2924 quodam
522 2843 593 2903 anni
608 2845 682 2918 859,
692 2839 856 2921 reperitur:
876 2841 1087 2923 oltcgiualdus

118 2951 135 2990 ι
161 2929 407 3012 brclripresbyter
428 2929 598 2992 Cordinotis
619 2929 744 2991 civitatis
760 2929 939 2993 Placentina
956 2937 986 2993 ct
1004 2931 1087 2994 Prae-

118 3039 135 3078 o
160 3021 275 3101 positus
289 3019 474 3083 Xenodocbii
494 3020 526 3080 in
543 3019 610 3082 locu
629 3026 659 3079 et
678 3017 772 3080 lundo
790 3019 939 3083 Luciunae.
955 3042 970 3080 o
987 3021 1084 3102 Ergo,

118 3113 178 3170 etc.
193 3107 321 3170 -Vidc
341 3109 454 3183 itania,
477 3108 532 3186 ib,
551 3127 581 3190 p.
606 3112 661 3186 att,
684 3111 743 3186 Ἡ,
759 3113 831 3188 etc,
851 3108 903 3172 ubi
922 3109 1009 3193 plura
1030 3111 1088 3174 alia

119 3203 318 3260 monumenta
332 3195 512 3260 reseruntur.

160 3286 205 3346 Ex
225 3285 353 3366 praetatis
374 3293 455 3367 patet
482 3287 690 3368 praerogativas
712 3287 836 3370 Capituli
865 3287 1027 3369 respective
1049 3289 1085 3351 ad

118 3373 401 3454 britaniaecum,
429 3375 542 3438 similes
559 3375 649 3439 luisse
668 3377 869 3459 praerogativis
885 3376 1086 3440 Cardinalium

119 3465 327 3528 &manorum
341 3473 478 3547 respectu
491 3465 529 3527 nd
543 3467 707 3528 Ecclesiam
721 3467 934 3530 Universalem.

152 3595 161 3620 ⁶
177 3587 272 3652 lanpl
286 3587 401 3642 boherii
417 3589 521 3641 rclcrtur
537 3605 616 3641 canon
629 3591 838 3653 Ncoccsaricnsis‚
855 3607 905 3658 quc
918 3591 1028 3643 sancitur
1039 3595 1086 3658 pud

121 3659 276 3713 ruendum
286 3663 401 3728 prosequi
412 3661 513 3712 debeam
525 3668 629 3726 agrestes
641 3664 794 3730 tprertptrri)
804 3665 956 3727 mutatores
964 3665 1086 3724 urbanae,

122 3745 168 3783 uu
178 3730 324 3786 canonicos.
337 3731 396 3783 lida
404 3733 468 3794 apud
482 3733 509 3783 b.
522 3733 613 3786 Eouix.
625 3725 663 3776 θ’
672 3734 800 3797 Capitalis,
811 3747 835 3798 p.
848 3732 890 3782 20.

921 3825 955 3886 θ’

1253 3669 1256 3807 ἦ
