2528 3996
426 297 512 342 unua
531 297 647 344 raruus.
967 283 1024 346 537

47 415 66 453 ο
93 393 316 456 cardinalatum
329 395 437 457 evectis
447 441 454 464 ,
466 395 637 477 praecipitur
650 397 682 458 in
701 395 808 460 virtute
828 402 939 460 sanctae
954 398 1026 462 obe·

47 505 65 542 n
93 481 250 544 dientiae...
271 491 304 544 ut
321 482 447 565 singulis
466 502 528 546 suae
543 485 655 566 regulae
669 485 774 547 ciliciis
794 491 824 547 et
837 486 1026 567 obligationi·

46 592 65 634 r
93 570 467 652 bus‚quael'ontiiroale...
479 581 530 636 aut
543 572 890 638 Cardinalatcsoflicium
901 575 1027 638 minime

46 681 66 719 a
95 659 281 740 impediunt,
296 662 441 742 perpetud
455 659 609 724 subsint.»
623 661 710 726 Unde
724 663 813 725 etiam
829 663 866 724 ad
881 665 1025 744 perpetud

47 747 230 810 seruandam
247 749 338 810 vitam
352 749 642 830 quadragesimalem
652 751 882 832 obstringuntur
896 751 1025 832 religiosi

48 836 186 909 Minimi‚
201 837 254 899 etsi
270 836 527 920 adEpiscopatum
541 846 592 901 aut
603 838 822 902 cardinalatum
833 839 941 916 evecti,
956 839 1027 920 quia

48 925 91 986 de
100 924 454 1006 haeservsndaquanum
463 933 566 989 votum
574 927 715 990 emittunt
724 925 817 990 insua
827 928 1024 991 Prolessione.

51 1013 129 1075 Vide
143 1015 273 1076 Ferraria
286 1014 325 1095 (v⁰
339 1013 512 1096 Episemou,
527 1023 582 1078 art.
598 1021 627 1089 ’1,
644 1028 679 1078 n⁰
691 1018 732 1095 3).

95 1106 184 1165 8888.
207 1102 311 1175 Quoad
328 1102 483 1180 habitum,
498 1104 552 1165 etsi
575 1104 607 1166 in
627 1123 694 1186 cap.
720 1103 840 1173 clerica,
864 1101 900 1166 de
913 1103 975 1166 vitel
997 1116 1026 1167 et

48 1194 162 1252 honest.
174 1191 287 1267 cleric,
302 1197 448 1254 statuatur
462 1192 644 1255 monachum
659 1192 690 1254 in
700 1194 882 1274 Episcopum
895 1192 1025 1255 electum

48 1280 163 1342 debere
176 1280 257 1362 ferre
270 1279 403 1342 latitem
419 1279 629 1350 monachalem,
653 1287 776 1355 tamen,
795 1287 911 1342 retento
925 1281 1025 1344 colore

49 1368 172 1431 habitbs
185 1387 247 1431 suae
261 1369 445 1451 Religionis,
461 1375 558 1450 potest
574 1387 607 1430 se
620 1368 808 1431 conlornare
821 1386 892 1431 cum
907 1371 1025 1450 Episco

49 1459 99 1539 pis
113 1457 305 1520 saecularibus
319 1459 349 1519 in
364 1457 472 1537 lormc,
483 1465 513 1520 et
526 1458 569 1520 sic
583 1465 715 1520 servatur
725 1457 755 1518 in
766 1457 860 1538 praxi.
870 1459 1024 1539 (Ferreus,

51 1546 109 1607 ib..
125 1554 180 1608 art.
196 1551 226 1622 ’1,
242 1549 277 1608 n⁰
290 1548 332 1628 5.)

94 1638 182 1698 9889.
205 1635 308 1708 Ouoad
326 1643 551 1718 perpertuam,
572 1637 627 1700 etsi
651 1634 829 1716 religiosus,
850 1641 918 1697 ante
938 1653 1025 1701 suam

51 1723 285 1800 Prolessionem,
297 1726 356 1804 J'uri
373 1725 570 1788 successionis
583 1725 620 1788 ed
636 1723 841 1787 haereditatem
855 1723 910 1786 sibi
924 1732 1025 1805 postea

49 1813 251 1876 obventurum
270 1815 505 1890 renuntiaverit3
530 1814 646 1875 sivein
674 1812 805 1874 savorem
832 1813 1023 1890 monasterii,

50 1901 176 1983 quando
194 1903 272 1966 istud
292 1911 335 1966 est
354 1922 448 1984 capax
471 1901 642 1985 possidendi
663 1902 695 1964 in
716 1901 889 1976 eommuni;
912 1901 973 1964 sire
994 1902 1023 1963 in

50 1991 184 2054 favorem
202 1993 497 2074 consanguineorum
511 1999 563 2055 aut
580 1999 811 2066 extraneorum,
827 1989 949 2072 quando
963 2008 1024 2052 mo

52 2082 219 2142 naslerium
239 2089 284 2143 est
306 2082 430 2162 incapax
453 2080 580 2144 dominii
603 2083 695 2144 etiam
713 2079 745 2141 in
765 2079 942 2141 communi:
960 2088 1026 2160 post

52 2171 273 2248 promotionem
296 2175 398 2232 tamen
416 2168 454 2231 ad
475 2170 687 2253 Episcopatum
710 2173 761 2230 aut
783 2166 1022 2245 cardinalatum,

52 2257 225 2336 hujusmodi
247 2259 446 2321 successionis
467 2260 518 2338 jus
540 2263 698 2339 recuperat
722 2256 821 2338 quoad
840 2255 1025 2320 hereditates

53 2365 122 2428 quae
140 2347 292 2424 nondum,
311 2353 381 2409 ante
399 2347 639 2428 promotionem,
662 2344 748 2407 lertio
767 2351 839 2407 sunt
859 2345 1022 2425 acquisitae.

52 2438 95 2497 lta
105 2437 321 2510 communiter,
333 2443 362 2497 et
375 2437 417 2498 sio
431 2435 485 2497 luit
499 2433 636 2497 decisum
649 2435 666 2494 'a
681 2435 713 2495 S.
728 2434 762 2494 C.
778 2432 891 2494 concil.
904 2434 935 2493 in
950 2433 1026 2495 Nea-

50 2524 204 2606 politamt,
220 2527 238 2587 3
253 2523 390 2587 decemb.
412 2527 501 2586 1631.
522 2522 596 2584 Vide
613 2539 663 2602 ap.
683 2521 830 2590 Ferraria,
848 2519 903 2597 it„
921 2529 954 2580 n⁰
970 2525 1023 2598 tr;

52 2623 82 2674 et
95 2633 145 2696 ap.
157 2613 267 2690 Boutx,
284 2613 337 2682 io„
355 2631 386 2694 p.
403 2615 502 2675 69-10.
839 2679 844 2690 ,

93 2706 179 2765 8899.
199 2701 338 2783 Episcopi
357 2701 526 2782 regulares,
542 2714 566 2762 ἐι
582 2719 653 2763 oum
668 2697 789 2760 licentia
808 2697 898 2778 Papa
912 2715 1026 2760 renun-

52 2793 128 2854 tient
141 2792 187 2854 rel
201 2790 408 2872 deponantur,
424 2789 464 2851 ad
482 2789 611 2852 claustra
632 2805 686 2850 sua
705 2785 803 2848 redire
821 2793 962 2848 tenentur
975 2785 1027 2848 aad

50 2879 137 2964 ponci
146 2881 324 2964 privationis
337 2877 643 2961 ascspootificalium;
655 2884 684 2938 et
697 2873 725 2936 ai
736 2873 899 2938 manserat
914 2873 946 2936 ia
959 2894 1025 2937 con-

54 2968 181 3030 tumaciei
194 2987 248 3030 aon
263 2967 403 3032 redeundi
415 2965 456 3028 od
469 2966 598 3027 claustro
607 2971 675 3046 post
687 2983 811 3036 aarum,
833 2963 893 3025 sint
910 2981 947 3026 eo
961 2966 1026 3047 ipso

53 3058 191 3138 suspensi
212 3056 366 3119 adivinis.
391 3057 433 3118 lta
457 3053 569 3118 Bened.
592 3055 677 3130 Xlll,
693 3053 724 3114 in
744 3053 867 3114 constit.
890 3051 1026 3116 Custodes

53 3147 145 3208 modd
166 3147 279 3207 citam:
301 3143 427 3227 proinde
453 3149 618 3206 conventus
640 3149 759 3203 tenetur
782 3158 835 3204 eos
857 3139 951 3215 alere,
969 3143 1024 3206 nisa

52 3234 174 3300 aliunde
193 3232 321 3295 habeant
343 3251 379 3294 ex
400 3251 462 3315 quo
482 3232 539 3294 sibi
562 3231 751 3293 subveniant.
778 3229 853 3292 Vide
873 3229 1023 3304 Ferraria,

53 3337 84 3383 νο
108 3323 287 3404 Episcopus,
311 3328 366 3383 art.
390 3327 421 3397 't;
450 3327 480 3382 et
504 3319 667 3398 Analecta,
695 3319 756 3381 mai
782 3323 812 3380 et
831 3317 899 3396 Juin
927 3321 1024 3394 1859,

54 3412 112 3475 ool.
132 3415 220 3474 1619.

104 3503 193 3568 2891.
216 3501 284 3562 Non
298 3503 398 3560 tamen
415 3512 451 3557 ex
470 3491 560 3554 modo
572 3489 661 3554 dictis
677 3483 816 3551 concludi
835 3481 935 3555 debet,
948 3477 1032 3562 juxta

65 3591 281 3661 Busembaum,
295 3607 343 3668 ap.
360 3587 391 3648 S,
409 3586 471 3660 ng.
497 3581 530 3663 (Ι.
549 3587 579 3654 1,
593 3582 637 3659 9),
651 3577 731 3659 quod
747 3577 915 3654 Episcopus
932 3571 1032 3630 stricto

66 3687 205 3748 teneatur
232 3677 329 3739 redire
352 3675 389 3740 ad
404 3673 574 3752 regularem
598 3671 819 3760 observantiam
834 3678 906 3724 cum
934 3659 1031 3728 adbuc

1158 3777 1238 3970 λ
