2522 3996
481 261 569 309 uaen
591 262 713 311 carnus:
1066 249 1082 312 i

107 380 123 420 a
146 359 251 443 quitos
265 377 328 424 non
347 365 433 424 urant
452 359 617 434 distincte,
633 360 686 422 sed
708 362 875 444 Episcopus
893 380 998 426 curam
1019 365 1084 426 ani·

107 469 123 509 s
147 467 270 512 mamm
288 449 379 512 totius
401 447 555 526 dioecesis,
577 467 631 531 por
653 450 823 513 sacerdotes
846 471 900 532 pro
919 471 974 514 sue
999 451 1086 530 libitu

107 557 123 594 a
148 537 259 600 missos
281 544 312 600 et
332 535 370 598 ad
389 543 498 599 nutum
512 536 706 613 amonitus,
722 537 959 602 administrabat.
975 562 991 600 o
1009 539 1085 603 lllud

108 633 226 690 constat
239 645 276 690 ex
289 631 374 690 textu
386 625 559 688 Tertulliani
575 642 665 706 supra
680 626 774 688 relato
787 628 883 707 (330).

151 737 168 774 1
189 715 298 777 Primis
312 711 370 775 illis
384 713 489 790 initiis,
504 713 586 776 solus
605 713 696 794 vulgo
717 714 884 796 baptizabat
897 716 1084 799 Episcopus,

108 825 123 864 o
147 802 229 866 solus
249 801 393 864 altaribus
407 802 586 883 poenitentes
595 802 818 880 reconciliabat,
834 804 916 866 solus
930 803 1084 882 offerebat,

108 915 123 952 a
147 893 206 954 uisi
228 909 321 972 quem
341 889 574 972 expresbyteris
596 908 686 952 sunm
708 892 901 954 substitueret
924 892 955 955 in
984 893 1084 958 locum

107 1005 123 1042 a
147 988 178 1044 et
190 981 299 1044 offerre
310 979 439 1060 juberet.
456 981 553 1052 Quare
576 980 651 1042 etin
665 981 805 1043 maximis
819 983 990 1064 quibusque
1004 985 1085 1052 urbi·

108 1093 123 1130 a
147 1069 205 1133 bus
218 1088 279 1132 una
301 1075 365 1131 crat
386 1069 503 1130 tantum
518 1067 656 1147 ecclesia,
671 1069 739 1133 lons
754 1089 835 1133 unus
853 1071 1048 1153 baptismalis.
1065 1096 1081 1134 n

108 1159 355 1222 'thomassinusa
376 1157 497 1220 Cardia.
518 1155 772 1238 Gorditanum,
795 1177 844 1242 ap.
871 1161 967 1224 Bouix
981 1161 1083 1245 (ibid,

145 1342 179 1400 2·
212 1338 247 1399 ln
281 1335 443 1419 Capitulari
470 1334 658 1420 Tbeodulphi
694 1338 918 1403 Aurelianensis
941 1340 1083 1424 Episcopi

108 1445 188 1490 anno
201 1430 269 1496 tat,
287 1425 353 1488 haec
365 1432 546 1502 statuuntur,
556 1446 623 1510 cap.
640 1431 655 1489 l
670 1447 678 1488 :
694 1428 874 1490 «sancitum
884 1435 929 1490 est
938 1436 971 1491 ut
984 1431 1085 1494 missae

107 1539 122 1576 a
145 1535 217 1598 quae
231 1533 285 1598 per
297 1514 363 1576 dies
378 1513 546 1577 dominicas
554 1517 722 1598 peculiares
735 1517 754 1578 ἁ
772 1517 968 1580 sacerdotibus
986 1518 1084 1602 fiunt,

107 1625 123 1664 a
145 1625 203 1666 aon
217 1604 262 1666 ito
275 1603 309 1665 in
322 1602 440 1685 publico
451 1603 528 1684 finnt
538 1615 571 1665 ut
580 1606 708 1687 populus
721 1604 961 1688 cudirc'quect...
980 1613 1086 1670 utcm-

107 1717 122 1754 »
147 1713 202 1756 nes
215 1693 254 1756 ad
268 1691 421 1774 publicam
435 1699 570 1755 sanctam
592 1699 720 1755 matrem
736 1693 911 1763 Ecclesiam,
928 1694 966 1755 ad
980 1697 1084 1758 missa-

105 1805 121 1843 ι
147 1801 216 1846 rum
231 1781 377 1844 solemnia
390 1786 420 1844 ci
433 1781 677 1863 praedicationem
692 1781 843 1860 audituri,
863 1783 1081 1847 conveniant.»

107 1872 181 1934 Vide
195 1871 285 1934 etiam
299 1889 367 1952 cap.
385 1875 414 1946 9,
429 1869 510 1952 apud
524 1873 560 1931 li.
580 1873 673 1934 Bouix
688 1871 743 1951 (De
757 1871 944 1953 Paroriap.
960 1877 1021 1952 Eli.

145 1961 250 2024 Thesis
272 1959 371 2022 adhuc
397 1959 542 2040 probatur
561 1979 598 2023 ex
626 1979 663 2023 eo
689 1961 772 2043 quod
799 1979 855 2024 vox
879 1961 1036 2043 parochio.
1064 1965 1083 2027 b

107 2057 213 2132 quarto
225 2049 345 2112 circiter
358 2047 469 2110 saeculo
479 2095 488 2126 ‚
499 2049 551 2112 ubi
566 2051 657 2132 carpit
670 2049 805 2112 adhiberi
818 2069 879 2112 non
894 2039 1011 2112 tantiam
1028 2071 1083 2133 pro

106 2137 301 2221 designandis
314 2137 438 2218 integris
456 2137 646 2216 dioecesibus‚
666 2138 720 2202 sed
733 2140 824 2201 etiam
837 2155 942 2202 earum
957 2139 1082 2221 quibus-

105 2227 174 2290 dam
193 2227 348 2310 partibus,
370 2235 541 2289 constanter
563 2237 725 2311 usurpetur
747 2229 779 2290 in
801 2228 890 2290 variis
917 2229 1084 2294 traditionis

105 2317 312 2380 monumentis
334 2333 389 2397 pro
416 2317 622 2398 significandis
640 2337 701 2380 nnn
717 2318 840 2379 urbanis
861 2316 914 2379 sed
934 2319 1084 2381 ruralibus

105 2405 264 2489 parochiis.
290 2407 368 2486 Ergo
386 2404 536 2486 parochiae
557 2414 630 2468 tunc
648 2425 708 2468 non
724 2405 753 2467 in
769 2406 914 2477 urbibus,
935 2405 988 2468 sed
1011 2425 1080 2470 rura

104 2498 222 2558 tantum
247 2501 344 2558 erant.
374 2494 419 2555 Ex
442 2493 543 2556 multis
565 2494 738 2574 hujusmodi
774 2494 955 2558 testimoniis
985 2514 1081 2558 unum

105 2595 155 2649 aut
167 2581 509 2664 alterumproleramus3
521 2583 553 2645 in
563 2602 680 2647 canone
692 2588 728 2646 15
743 2583 867 2645 Concilii
885 2587 1082 2647 arvernensis

104 2675 175 2737 anni
191 2677 269 2744 535.
285 2673 329 2734 sic
342 2671 471 2754 legitur:
490 2693 505 2730 1
519 2674 550 2735 Si
566 2674 635 2754 quis
648 2693 684 2736 ex
695 2672 1081 2755 presbytcrisautdiaconis

104 2787 119 2824 a
145 2765 198 2846 qui
211 2780 311 2844 neque
325 2761 358 2822 in
371 2762 598 2844 civitatemque
618 2763 650 2824 in
666 2761 817 2845 parochiis
834 2761 998 2822 canonicus
1017 2779 1082 2824 essa

104 2875 119 2913 r
142 2852 381 2934 dignoscitur...‚
397 2856 455 2912 etc.
479 2871 494 2908 o
517 2851 598 2933 Ergo
622 2857 697 2922 lunc
708 2849 861 2933 parochiae
878 2851 896 2913 a
914 2849 1081 2915 civitatibus

103 2941 377 3023 distinguebantur.

141 3035 217 3094 ltem
234 3031 266 3092 in
288 3028 449 3110 Capitulari
468 3027 657 3111 Theodulphi
677 3029 904 3092 Aurelianensis
932 3029 1025 3092 modd
1038 3031 1080 3093 ci·

104 3130 162 3182 tato
179 3139 187 3180 ε
207 3113 316 3180 «Nulli
331 3117 454 3180 liceat...
471 3125 533 3180 tam
548 3117 579 3179 in
590 3118 763 3180 ciuitatibus
773 3123 866 3200 quam
877 3120 908 3182 in
916 3119 1077 3200 parochiis,

103 3233 118 3270 a
141 3210 232 3272 edere
253 3205 299 3270 vel
326 3207 428 3268 bibere
450 3215 519 3268 ante
543 3207 697 3288 publicum
716 3216 871 3290 peractum
894 3209 1039 3271 odicium.
1062 3230 1077 3267 n

105 3301 182 3379 Ergo
203 3299 313 3359 iterum
334 3295 485 3376 parochiae
508 3313 571 3358 non
591 3305 677 3359 erant
700 3298 731 3359 in
752 3297 931 3376 civitatibus,
947 3297 1000 3360 sed
1017 3298 1079 3360 ruri

105 3391 246 3448 lanima:

143 3479 231 3538 taut.
259 3475 485 3540 «Urbanorum
505 3475 716 3557 parochiarum
731 3477 863 3558 primum
884 3476 1029 3538 indicium
1044 3495 1079 3539 ac

102 3589 117 3626 c
141 3565 231 3626 veluti
246 3564 427 3626 lineamenta
448 3565 625 3646 quadam...
646 3565 744 3628 adbuc
765 3585 888 3648 prorsus
906 3563 1081 3644 imperfecta

104 3651 174 3714 clu
208 3652 302 3728 urba,
324 3669 361 3714 ex
387 3653 521 3715 Concilio
541 3655 746 3716 Lemovicensi
774 3656 846 3714 anni
870 3653 948 3714 1031
976 3647 1080 3726 depra-
