2528 3996
200 277 256 338 ata
420 292 557 338 annonae
577 291 678 336 rorrus
699 289 780 336 soors
800 287 947 334 canonici.

199 395 356 478 requirens
369 392 521 456 licentiam
535 391 566 451 S.
590 386 743 452 Pontifiois
758 404 812 467 pro
834 381 1067 446 alienationibus
1079 379 1182 442 tiono-
1245 359 1246 398 ³

199 503 268 547 rum
295 481 565 546 ecclesiasticorum
588 475 790 539 immobilium
817 479 848 536 et
870 471 1028 534 mobilium
1060 470 1181 554 pretio·

200 573 329 636 sorum?
1245 573 1246 630 J

240 665 329 744 Resp.
346 658 510 722 cardinalis
526 661 568 722 De
582 661 679 733 Luca,
694 652 774 735 apud
786 654 823 714 ll.
851 651 947 713 Bouir
968 649 1034 728 (it,
1050 669 1081 731 p.
1099 653 1181 710 301-

201 755 289 830 301),
311 755 397 832 putat
413 747 665 811 consuetudinem
681 761 743 805 noa
758 761 845 823 posse
859 741 992 804 eximere
1008 737 1047 800 ab
1065 737 1184 818 obliga·

203 839 283 902 tione
305 835 478 919 requirendi
500 833 727 917 beneplacitum
751 831 959 912 Apostolicurn
979 829 1010 890 in
1026 826 1182 908 praedictis

202 928 339 1002 casibus;
355 933 385 988 et
405 925 435 986 in
451 925 658 1006 probationem
681 919 803 983 adducit
824 918 1011 982 decisionem
1030 917 1063 978 S.
1079 916 1180 996 Cong.

203 1017 387 1090 anni16553
404 1013 456 1076 sed
470 1013 536 1076 haec
548 1012 661 1075 decisio
675 1010 793 1072 ridetur
811 1008 940 1091 probare
961 1005 1109 1068 duntaxat
1127 1024 1183 1086 pro

203 1104 323 1166 dioecesi
347 1101 582 1179 Mediolanensi,
608 1101 640 1162 in
661 1104 722 1182 quil
743 1100 869 1181 allegata
892 1094 1082 1159 consuetudo
1104 1093 1184 1156 fortir

204 1210 266 1253 non
293 1191 421 1254 habebat
448 1191 636 1254 conditiones
663 1189 847 1270 requisitas:
875 1187 984 1248 melitis
1013 1183 1183 1247 adductum

203 1279 309 1342 luisset
322 1283 479 1344 Decretum
496 1280 606 1345 Urbani
621 1281 686 1340 Vlll
700 1297 791 1360 supra
805 1276 932 1339 relatum
948 1277 1064 1353 (1910).

243 1373 332 1433 11113.
355 1370 434 1431 Dicit
446 1376 546 1432 autem
562 1371 597 1430 11.
616 1368 710 1430 Bouix
725 1365 833 1444 (itta),
847 1365 900 1428 sed
919 1365 950 1426 in
965 1363 1034 1438 hoc,
1050 1361 1094 1424 uti
1111 1381 1182 1424 moa

170 1459 171 1463 ’
205 1452 1183 1541 dicemus,deceptusluissevidetur.quddlereintotomundo,

206 1547 230 1609 si
244 1549 358 1610 ltaliam
372 1547 521 1628 excipias,
541 1547 638 1628 vigeat
652 1548 668 1606 a
682 1545 802 1607 duobus
811 1544 928 1606 circiter
943 1541 1059 1604 saeculis
1073 1541 1182 1604 eadem

206 1637 392 1698 consuetudo
415 1635 564 1697 alienandi
586 1636 664 1696 bona
687 1633 886 1696 ecclesiastica
908 1632 1022 1712 absque
1041 1633 1073 1692 S.
1097 1631 1185 1692 Sedis

207 1725 418 1807 beneplacit03
435 1733 465 1787 et
477 1725 583 1786 asserit
597 1723 671 1785 illud
684 1728 822 1784 constare
838 1741 874 1784 ex
889 1722 1022 1802 registris
1035 1720 1184 1781 Procura-

208 1820 305 1876 torum
322 1813 507 1896 generalium
521 1813 672 1874 variorum
687 1811 835 1872 Ordinum
850 1809 1060 1892 religiosorum
1077 1811 1183 1870 lionae

208 1901 399 1982 degentium,
415 1902 572 1983 inquibus
588 1901 759 1963 reseruntur
775 1898 898 1980 quidem
916 1898 1005 1960 variae
1024 1897 1184 1976 petitiones

208 2009 263 2071 pro
286 1990 373 2052 bonis
397 1990 605 2072 religiosorum
627 1989 657 2050 in
680 1988 762 2050 natio
787 1995 816 2048 et
845 1987 953 2049 lnsulis
975 1985 1182 2065 adjacentibus

208 2079 460 2140 commorantium
475 2077 660 2152 alienandis,
678 2075 768 2138 nullae
782 2078 852 2138 verb
873 2095 928 2158 pro
948 2077 1066 2137 caeteris
1085 2078 1182 2158 regio·

208 2166 298 2228 nibus
314 2186 321 2240 ;
339 2166 428 2227 nullae
443 2166 532 2226 etiam
554 2166 682 2226 citantur
696 2165 726 2226 in
749 2165 860 2226 recenti
882 2163 1012 2226 editione
1032 2161 1180 2238 Ferraria,

209 2253 345 2334 quamvis
367 2253 406 2314 ibi
422 2253 524 2314 multae
543 2273 596 2334 pro
615 2255 697 2314 ltalia
717 2260 940 2315 recenseantur.
967 2253 1061 2314 Porrd
1083 2253 1183 2332 hujus·

210 2341 291 2404 modi
309 2341 496 2403 consuetudo
511 2359 572 2403 non
587 2342 702 2404 ridetur
716 2341 834 2403 destitui
849 2341 1074 2404 conditionibus
1088 2344 1182 2426 recei-

210 2431 273 2490 sitis
287 2435 321 2490 ut
334 2429 370 2490 sit
384 2427 536 2510 legitima:
552 2449 623 2492 nam
635 2437 664 2492 1ο
676 2437 722 2492 est
736 2431 939 2509 rationabilis,
954 2432 1025 2493 citor
1036 2450 1117 2514 saepe
1127 2435 1182 2496 uti-

211 2517 247 2580 lis
262 2519 299 2579 sit
313 2537 399 2598 posse
413 2519 563 2592 alienare,
588 2539 648 2581 noo
672 2521 826 2602 expectata
849 2519 969 2582 licentia
983 2521 1013 2582 S.
1033 2521 1137 2600 Sedis,
1156 2529 1182 2584 et

210 2606 412 2687 periculosum
428 2615 506 2670 esset
520 2607 600 2670 illam
616 2616 783 2688 expectare,
801 2609 841 2670 ita
855 2615 888 2671 ut
903 2611 1028 2690 ipsamet
1047 2612 1081 2672 S.
1093 2613 1183 2674 Sedes

210 2695 297 2757 variis
320 2696 483 2760 Ordinibus
505 2698 563 2760 hoc
586 2698 775 2780 privilegium
790 2701 970 2760 concesserit
981 2719 989 2773 ;
1001 2703 1032 2761 2⁰
1047 2707 1093 2761 est
1106 2701 1182 2762 sudi·

209 2784 323 2846 cienter
338 2788 527 2868 praescripta,
542 2787 613 2848 cirrn
636 2793 755 2867 tempos
770 2787 948 2868 requisitum
967 2787 1004 2850 etl
1019 2786 1181 2869 legitimam

211 2875 468 2956 praescriptionem
503 2875 671 2951 effluxerit;
701 2879 733 2936 3ο
756 2875 841 2938 adest
862 2895 1049 2952 consensus,
1079 2879 1180 2942 saltem

210 2960 314 3042 legalis
329 2962 390 3024 imb
405 2970 434 3023 et
449 2964 555 3025 tacitus
569 2965 600 3024 S.
616 2963 779 3038 Pontinus,
795 2965 919 3046 quinon
935 2967 1030 3046 potuit
1045 2968 1181 3047 ignorare

211 3047 381 3130 hujusmodi
407 3050 678 3128 consuetudinem,
699 3059 729 3114 et
752 3059 853 3114 tamen
873 3059 967 3128 tacet,
992 3057 1063 3115 clun
1087 3067 1180 3136 posset

211 3141 291 3200 certe
311 3139 475 3200 reclamare
494 3139 567 3220 quin
587 3138 701 3222 aliquid
723 3139 791 3202 mali
810 3160 847 3203 ex
871 3153 954 3224 parte
975 3145 1180 3224 religiosorum
1245 3173 1246 3224 ,

212 3235 290 3287 esset
304 3225 539 3288 formidandum.
555 3229 634 3309 Ergo
645 3228 760 3291 ridetur
774 3230 1103 3311 legitioraconsuetudo
1114 3253 1180 3314 pao

211 3312 271 3376 lata
284 3313 433 3374 alienandi
459 3314 574 3392 absque
591 3317 780 3396 lieneplaeito
802 3320 975 3381 l’ontiticio:
992 3318 1180 3383 banetacan
1245 3319 1246 3358 ³

212 3397 437 3460 conclusionem
452 3397 485 3461 ll.
499 3399 592 3461 Bouix
604 3419 664 3462 non
674 3400 734 3462 vult
747 3397 990 3465 lorehabrndam
1005 3409 1039 3467 ut
1051 3405 1178 3471 omnino
1245 3405 1246 3470 ὲ

208 3491 305 3545 tutam
322 3497 370 3548 :et
386 3493 489 3550 revere
503 3490 675 3551 adversatur
685 3489 717 3551 G.
732 3491 862 3574 Apostol.
877 3491 972 3567 Sedis,
984 3495 1017 3554 3·
1027 3511 1178 3559 excomm.
1245 3489 1246 3530 l

212 3589 272 3632 non
290 3593 396 3639 reserv.
893 3589 898 3600 “

251 3665 339 3725 auat.
364 3667 397 3726 Et
418 3669 519 3730 revera
536 3667 567 3728 in
589 3668 737 3729 Analectia
757 3669 887 3750 (janvier
909 3677 938 3730 et
956 3667 1063 3732 terrier
1088 3673 1179 3748 1860,

211 3751 268 3814 col.
286 3757 470 3835 titt-atet)
489 3759 657 3819 innunrerae
672 3758 843 3820 referuntur
866 3775 1002 3827 respons.
1019 3761 1051 3820 S.
1065 3759 1175 3830 Gener.
