2534 3996
176 197 236 260 352
394 213 534 260 urrunsa
553 212 654 260 rorrus
673 211 755 260 runis
774 208 921 256 aaronica.

176 308 258 376 borae
268 329 366 392 parve
380 311 470 374 simul
480 329 550 374 cunt
564 311 664 380 ltlisst,
673 311 812 390 Vespera.
821 324 892 369 cum
907 301 1110 384 completorio
1118 300 1149 364 in
1257 347 1258 354 .

176 399 269 464 choro
282 408 433 464 canuntur
447 399 493 462 vel
511 399 684 462 recitantur.
708 399 822 460 Statuta
836 392 1015 476 capitularia
1032 391 1075 452 sic
1088 389 1149 450 dis·
1257 437 1258 480 ἒ

177 488 339 571 ponentis.
355 489 396 552 uti
412 487 480 570 plus
494 488 631 550 minusve
646 487 786 568 expresse
806 486 822 546 b
845 484 875 546 S.
892 480 970 544 Sede
988 478 1152 560 approbata
1257 481 1258 518 ³

177 577 380 640 communiter
391 576 550 640 habentur.
563 575 628 637 lmb
642 577 659 636 lt
671 573 805 637 Concilio
814 568 1002 640 bituricensi,
1013 568 1101 628 etiam
1111 563 1151 626 ad

178 665 280 728 minus
296 665 380 728 chori
403 664 557 727 servitium
570 662 714 725 Canonici
726 661 908 742 obligantur.
925 655 1000 720 Vide
1013 653 1149 718 Proelect.

123 750 127 756 ’
178 751 213 814 S.
222 751 353 834 Sulpicii
359 799 368 828 ,
385 757 420 818 11⁰
434 755 504 816 3¹ll.

218 845 307 903 2322.
331 841 451 913 Quaerit.
473 843 506 902 20
525 843 572 903 An
597 840 681 904 nullo
703 839 800 903 modo.
808 835 952 902 canonici
966 833 1086 897 valcant
1098 849 1154 913 per
1257 859 1258 862 ¹

180 929 355 1014 substitutos
368 929 452 992 obire
465 928 562 992 officia
574 928 695 992 divina?
1257 979 1258 982 ,

219 1019 309 1098 Resp.
326 1019 401 1080 Cum
416 1017 529 1080 Bened.
546 1019 612 1080 XIV
627 1017 739 1095 (Instit.
756 1021 825 1093 tot,
840 1016 915 1097 §dit
934 1015 1053 1076 «sacra
1073 1014 1153 1073 Gon·

180 1127 196 1166 a
221 1124 330 1187 greg...
346 1106 456 1188 soepibs
469 1105 664 1169 declaravit...
681 1124 742 1168 non
758 1124 823 1168 essa
842 1103 988 1167 sublatam
1003 1101 1153 1181 Gapitula-

181 1215 197 1253 r
221 1193 304 1256 ribus
318 1194 487 1258 facultatem
500 1213 532 1257 se
548 1195 669 1256 invicem
685 1191 901 1270 substituendi,
916 1189 1083 1253 dummodo
1101 1207 1150 1250 oo·

181 1303 197 1342 r
220 1282 290 1344 dem
310 1290 445 1364 tempore
463 1283 647 1346 substituens
669 1289 699 1346 et
718 1283 894 1345 substitutus
912 1279 1011 1342 eidem
1033 1278 1154 1340 seruitio

181 1391 197 1430 u
221 1370 351 1433 adstricti
368 1389 427 1434 uon
441 1373 503 1432 sint
516 1393 530 1430 r
544 1373 592 1451 (15
604 1371 756 1433 decembr.
774 1374 873 1448 tbdbl.

222 1461 356 1522 ditantur
370 1459 527 1522 abeodem
553 1459 653 1541 plures
666 1460 732 1522 aliae
746 1458 961 1522 declarationes
992 1475 1028 1519 ex
1043 1454 1156 1536 quibus

182 1547 351 1625 deducitur,
368 1551 398 1610 l⁰
410 1567 470 1611 nou
485 1567 572 1631 posse
582 1548 719 1610 substitui
735 1547 792 1609 nisi
807 1547 940 1628 aliquem
947 1544 987 1606 do
1002 1543 1154 1625 capitulo,

182 1637 233 1719 qui
249 1639 288 1699 sit
305 1637 380 1700 liber
393 1655 447 1700 seu
459 1655 523 1698 non
537 1636 696 1699 adstrictus
711 1637 830 1698 servitio
850 1633 952 1710 chori,
967 1652 1004 1696 eo
1018 1641 1155 1714 tempore
1257 1697 1258 1720 χ

182 1745 244 1807 quo
258 1726 464 1802 substituitur;
479 1729 511 1786 2⁰
525 1724 755 1787 substituentem
768 1724 879 1786 debere
896 1741 961 1785 esse
975 1729 1157 1804 praesentem

183 1815 214 1876 in
229 1813 304 1876 urbe
319 1813 365 1875 vel
379 1813 548 1888 suburbiis;
564 1815 596 1875 3⁰
610 1813 817 1892 coadjutorem
836 1831 898 1874 non
910 1810 1020 1874 habere
1035 1809 1158 1872 faculta-
1257 1857 1258 1892 p

183 1909 244 1964 tem
259 1902 387 1963 alterum
401 1900 456 1962 sibi
472 1901 687 1978 substituendi;
703 1905 736 1963 4⁰
749 1908 899 1983 quatenus
912 1899 1071 1964 commode
1091 1897 1158 1962 lieri
1257 1897 1258 1964 l

184 1995 280 2070 potest
293 1989 485 2051 substitutum
500 1987 610 2052 debere
623 2008 688 2054 esse
704 1990 852 2071 ejusdem,
868 2007 929 2052 non
945 1987 1094 2050 inferioris
1106 2005 1158 2050 or·
1257 2021 1258 2030 .

184 2077 274 2149 dinis.
283 2095 318 2140 ac
327 2077 555 2140 substituentem
563 2099 570 2154 ;
578 2083 610 2141 5ο
620 2097 741 2142 causam
753 2097 815 2144 non
825 2078 936 2161 requiri
945 2077 1160 2140 addictassub·

184 2167 364 2239 stitutionos‚
375 2164 428 2228 'sed
439 2185 526 2248 posse
536 2167 716 2249 Episcopum
728 2167 792 2230 illas
805 2175 957 2230 coarctare
969 2169 1047 2228 intra
1057 2167 1158 2244 J'ustos

184 2255 307 2331 limites,
324 2255 417 2337 ipsius
437 2255 551 2333 ¹judicio
571 2255 815 2318 determinandos
835 2256 902 2318 :sic
918 2257 981 2318 aS.
1004 2257 1037 2317 u.
1062 2258 1157 2320 Conc.

184 2343 373 2406 moderatum
387 2343 610 2406 suitdecretnm
628 2345 740 2407 Concil.
761 2343 893 2406 Trident.
915 2362 1006 2426 supra
1027 2345 1159 2408 relatum

184 2431 423 2512 (attolite-Vide
438 2432 548 2507 Bouill,
564 2433 608 2494 Dc
624 2432 724 2514 Cupit.
747 2435 789 2514 (p.
806 2436 961 2512 327-329);
982 2435 1013 2495 S.
1029 2433 1154 2514 Liguor.

185 2521 247 2598 (lib.
264 2524 303 2600 3,
317 2529 350 2583 n⁰
364 2524 440 2594 675,
457 2519 525 2582 dut.
537 2523 578 2598 5).

224 2613 312 2672 2323.
337 2609 458 2682 Quaerit.
483 2611 516 2671 3⁰
536 2610 682 2683 Quanam
700 2629 799 2674 causa
826 2617 970 2676 excusent
995 2613 1013 2674 a
1037 2611 1160 2677 servitio

185 2699 293 2762 cltori?

224 2789 313 2869 Resp.
331 2791 362 2850 1⁰
380 2781 515 2868 Duplicis
537 2787 656 2868 generis
677 2805 743 2850 esse
763 2806 869 2852 causas
886 2788 1081 2868 hujusmodi:
1106 2805 1160 2856 cas

186 2893 295 2956 nempe
312 2894 382 2958 quae
402 2877 443 2936 ita
463 2881 607 2938 excusant
626 2883 658 2938 ut
680 2878 788 2940 absens
807 2879 950 2948 lucretur.
964 2895 1025 2941 non
1038 2883 1159 2944 tantirm

186 2964 300 3026 fructus
314 2963 502 3039 Pr·aebendae‚
526 2964 578 3026 sed
598 2965 688 3028 etiam
708 2965 933 3030 distributiones
946 2967 1156 3048 quotidianas3

186 3061 215 3114 ct
229 3053 293 3113 illas
307 3069 375 3134 quae
389 3052 429 3114 ita
443 3059 603 3128 excusant,
618 3061 652 3116 ut
665 3053 774 3116 absens
787 3054 919 3118 lucretur
931 3056 1057 3137 quidem
1075 3056 1158 3120 lrrrc·

186 3148 234 3203 tus
252 3139 443 3216 prebendae,
463 3157 526 3202 non
554 3143 625 3204 rerb
650 3142 787 3224 praelatas
813 3141 1048 3208 distributiones.
1072 3147 1160 3212 Girca

186 3228 267 3311 quod
281 3227 446 3292 notandum
457 3235 513 3306 est,
523 3247 577 3311 pro
591 3231 735 3312 Capitulis
748 3251 879 3313 quorum
896 3233 1068 3297 Praebendae
1081 3235 1161 3298 duu-

116 3337 119 3344 ·
186 3325 265 3380 taxat
279 3318 448 3380 consistunt
462 3316 493 3378 in
507 3318 786 3398 distributionibus,
801 3321 882 3402 qudd
896 3323 966 3386 dure
982 3326 1076 3387 tertiae
1097 3324 1161 3387 illa·

187 3424 254 3467 rum
266 3413 366 3488 partes
380 3405 525 3470 habendae
547 3408 626 3482 sint,
645 3425 683 3472 cx
693 3408 781 3489 jure,
797 3410 863 3474 loco
883 3409 1161 3477 respondenda

187 3493 283 3557 Bouix
298 3494 396 3574 (ibid,
408 3515 438 3576 p.
455 3499 540 3575 335).
862 3513 865 3520 ’

226 3587 314 3650 aaut.
338 3587 426 3669 llesp.
452 3587 483 3646 2⁰
503 3586 614 3650 Causas
634 3589 741 3672 prioris
763 3583 866 3654 classis
886 3589 988 3651 reterri
1011 3591 1160 3672 possead
