2486 3984
444 265 531 312 arura
550 265 669 313 miuus.
984 246 1041 308 105

22 361 23 402 3
69 361 178 424 Sedcrn
203 360 406 443 apostolicam
428 378 583 424 recurrere
602 362 764 424 debebant.
785 395 824 411 -
837 362 931 424 Porrd
953 361 1041 424 nobis

66 450 184 512 videtur
197 449 280 531 qudd
296 449 426 529 legitime
444 449 572 512 dubitari
587 451 680 532 possit
700 469 739 512 an
753 449 821 514 talis
834 449 924 514 hodie
938 449 1043 512 existat

66 537 232 601 concordia
245 533 450 600 inter'nostros
460 539 631 613 Antistites;
643 537 769 620 proinde
780 537 885 600 salleni
897 539 987 604 tutiirs
998 544 1042 600 est

66 633 100 689 ut
122 625 362 708 Eleemosynarii
388 626 519 689 militum
547 627 795 708 approbationem
819 627 858 690 ab
878 626 1042 688 Ordinanis

66 716 205 778 loconrm
220 733 274 796 per
289 731 359 794 quae
372 719 530 776 transeunt
538 731 657 796 semper
670 714 845 791 obtineant,
860 715 952 776 etiam
967 715 1042 774 intra

65 803 173 865 Gallici
187 803 307 884 imperii
317 803 427 864 limites
439 822 447 863 ι
458 801 529 864 huic
542 801 677 883 opinioni
685 809 832 864 consonat
841 803 935 866 Brcva
948 805 1043 882 Apos-

66 891 191 954 tolicum
208 891 278 968 Ouoe
291 889 428 972 superni,
444 895 481 952 17
497 889 576 968 junii
597 893 686 952 1857.
701 923 741 938 -
757 889 830 953 Vide
844 909 936 966 supra
950 890 1040 976 (16.1).

110 983 197 1042 1519.
214 981 292 1042 Cirm
306 977 479 1056 hujusmodi
497 979 590 1040 Breve
604 977 758 1041 facultates
772 979 893 1060 ltlajoris
908 978 1043 1040 Eleemo-

67 1068 180 1149 synarii
193 1067 356 1148 restringat
369 1065 408 1128 ad
416 1066 591 1148 Capelianus
603 1065 733 1128 militum
742 1067 793 1148 qui
808 1071 887 1130 terra
902 1067 1041 1150 pretian-

66 1163 132 1232 tur,
155 1162 293 1218 remanet
312 1153 470 1217 difficultas
491 1155 593 1236 quoad
612 1155 786 1236 capellanos
809 1155 942 1230 navium,
962 1173 1041 1236 prae-

65 1245 172 1306 sertim
184 1261 290 1306 aarum
305 1261 374 1324 quae
387 1243 606 1305 commercium
627 1250 730 1323 agunt.
753 1245 832 1306 Usus
845 1251 946 1306 autern
962 1243 1042 1304 inva-

65 1332 122 1394 luit
142 1340 178 1394 ut
196 1331 437 1412 iurisdictionem
463 1331 613 1413 accipiant
634 1331 672 1392 ab
697 1331 854 1393 ordinario
875 1332 932 1402 loci
958 1331 1041 1393 unda

65 1419 311 1500 proficiscuntur,
327 1420 499 1500 usquedum
512 1419 682 1501 appulerint
695 1419 732 1481 ad
747 1419 812 1482 loca
825 1420 877 1482 ubi
892 1421 968 1482 alius
982 1422 1039 1482 Or-

64 1507 309 1594 dirrariusdegit.
324 1507 400 1569 Vide
415 1507 509 1570 dictas
527 1507 670 1572 Praelcct.
689 1506 725 1569 S.
749 1508 896 1590 Sulpicii,
919 1515 953 1570 n
968 1511 1039 1583 232,

65 1597 96 1656 in
112 1596 190 1673 tine;
205 1604 237 1659 et
250 1596 331 1664 dictu
345 1613 436 1676 supra
449 1595 539 1673 (163)

452 1765 606 1824 runcum
625 1767 659 1824 11.
726 1803 749 1828 -,

416 1902 454 1947 oa
475 1902 690 1948 courassaaus.

108 2047 250 2106 15311-
261 2043 286 2104 1.
301 2043 376 2104 Non
380 2041 478 2102 solirm
491 2040 654 2121 requiritur
667 2045 702 2102 ut
714 2040 851 2104 minister
860 2048 1039 2108 sacramenti

64 2117 255 2194 Pmniteniiae
268 2132 305 2192 sit
316 2129 470 2207 sacerdos,
481 2128 550 2191 sed
544 2145 667 2209 insuper
677 2127 917 2206 jurisdictionem
930 2131 1041 2195 habere

62 2219 159 2282 dcbet
170 2237 263 2300 super
282 2219 496 2300 penitentes:
524 2237 540 2276 ι
563 2217 727 2294 Quoniam,
748 2217 846 2299 inquit
867 2219 1040 2285 Tridentino

63 2331 78 2366 ιι
105 2305 251 2387 Synodus
273 2311 362 2386 (sesa.
384 2309 437 2380 11,
453 2323 481 2367 c.
504 2305 553 2383 7),
576 2311 683 2366 natura
701 2311 731 2368 et
752 2307 828 2368 ratio
847 2307 952 2386 judicii
968 2309 1041 2372 illud

63 2417 78 2456 a
104 2396 257 2476 exposcit,
272 2401 306 2456 ut
319 2393 466 2456 sententia
480 2393 510 2454 in
525 2393 660 2454 subditos
673 2393 817 2456 duntaxat
829 2395 954 2467 teratur,
973 2416 1041 2478 pcr-

64 2507 79 2542 u
106 2501 233 2546 suasum
248 2499 366 2562 semper
382 2483 413 2542 in
428 2481 560 2544 Ecclesia
571 2481 623 2542 ilci
638 2481 712 2558 luit,
729 2489 759 2543 et
771 2485 961 2546 verissimum
974 2504 1041 2547 esse

64 2595 79 2630 ι
107 2570 329 2652 Synodushaec
342 2569 502 2632 confirmat
523 2568 636 2630 nullius
653 2571 793 2630 momenti
819 2571 1040 2634 absolutionem

64 2683 79 2718 ιι
105 2677 176 2722 cam
190 2658 475 2738 essedeberequam
486 2656 626 2719 sacerdos
636 2657 667 2718 in
682 2675 753 2720 cum
767 2658 891 2738 profert,
907 2659 937 2720 in
949 2679 1040 2738 quem

64 2771 80 2806 u
105 2747 292 2810 mdinarium
305 2753 359 2806 aut
371 2745 587 2826 subdeleqatom
601 2763 658 2805 non
671 2745 757 2806 latet
760 2744 1037 2825 jurisdictionem.»

106 2839 199 2898 1551.
225 2837 396 2897 «Potestas
408 2834 540 2910 ordinis,
566 2833 664 2913 inquit
681 2834 814 2895 Ferraris
828 2835 869 2912 (ιιο
889 2833 1040 2915 Confessa-

64 2945 79 2982 ι
105 2925 190 3000 rius,
205 2929 261 2986 art.
278 2925 314 2999 l,
334 2921 375 2982 nr.
395 2925 435 2985 30
447 2928 477 2984 et
491 2921 555 3000 31),
571 2920 753 3001 presbyteris
767 2921 908 2984 omnibus
921 2923 990 2987 data
1009 2925 1039 2988 iu

63 3035 78 3068 ι
104 3017 162 3074 sua
171 3011 362 3074 ordinatione
375 3017 419 3072 est
433 3015 563 3091 potestas
576 3015 692 3070 remota
705 3016 734 3070 et
748 3009 779 3071 in
792 3008 895 3074 habitu
909 3014 1037 3088 tantiam,

63 3127 78 3157 ιι
105 3119 170 3161 nou
184 3109 287 3162 autem
315 3098 347 3159 iu
364 3105 432 3161 actu
448 3115 503 3160 seu
523 3097 671 3177 quantiam
692 3097 729 3158 ad
758 3115 869 3175 usum,
891 3107 1041 3180 quatenus

64 3213 78 3246 ι
103 3189 218 3250 scilicet
241 3187 380 3250 sacerdos
392 3187 421 3247 vi
435 3185 634 3247 ordinationis
653 3187 768 3268 accepit
780 3189 798 3248 a
812 3185 927 3248 Christo
941 3195 1039 3268 potcs-

63 3301 78 3334 ιι
103 3284 198 3338 tatem
213 3274 252 3336 ad
273 3273 508 3350 absolvendum,
523 3273 578 3334 scd
599 3291 661 3334 non
679 3275 794 3356 acecpit
812 3292 867 3354 pro
883 3279 954 3336 tunc
968 3275 1040 3336 sub·

63 3365 185 3426 aditos
199 3363 230 3425 in
246 3380 323 3443 quos
337 3362 431 3443 possit
452 3371 519 3424 actu
540 3369 888 3443 exercerepotesmten1;
912 3369 1041 3462 potestas

64 3475 78 3510 ι
103 3459 210 3514 autem
237 3449 455 3529 jurisdictionis
477 3457 523 3510 est
545 3456 675 3531 potestas
698 3451 835 3530 proxima
857 3456 888 3510 ct
913 3451 945 3510 in
972 3457 1041 3513 actu

65 3563 79 3598 ι
104 3541 257 3622 quantiam
270 3537 309 3598 ad
325 3555 425 3599 usum.
440 3559 456 3594 ιι
474 3539 539 3599 Hoc
560 3537 701 3598 illustrari
725 3539 801 3597 solet
815 3536 870 3598 hdo
888 3555 1043 3615 compar-a

67 3629 172 3690 tione.
189 3643 254 3686 non
272 3625 382 3688 suflicit
394 3631 428 3687 ut
440 3625 508 3704 quis
526 3634 644 3686 creetur
655 3623 748 3700 iudex
760 3630 794 3684 ut
808 3641 845 3683 ex
858 3629 933 3682 tunc
946 3619 1042 3679 valido
