2522 3992
205 207 264 274 lun
429 223 567 272 numana
585 220 686 270 rorrus
703 223 785 269 runis
805 221 954 272 canorum.

204 322 302 386 bernii
316 321 487 402 sumptibus
500 327 552 384 aut
564 318 684 402 piorum
697 317 908 398 fundatorum,
924 319 962 383 ad
976 318 1121 384 sacerdoti

205 411 326 476 luerunt
341 411 446 474 eventi.

245 503 336 562 2620.
360 496 532 562 beduldhlo
545 495 764 560 observandum
778 505 843 576 eat,
859 499 1079 562 auctoritates.
1096 498 1178 560 Pon-

164 641 165 646 ,
206 588 294 652 tiliois
308 589 350 650 Pii
363 591 402 651 lll
422 593 565 650 statutum
578 604 658 662 essa,
674 587 742 649 25
730 605 850 666 Januar.
869 591 958 666 4848,
974 605 1013 650 ne
1027 587 1097 670 quis
1110 606 1179 670 pos·

207 678 259 753 sil,
280 679 311 740 in
332 676 480 759 religiosis
497 674 659 739 Ordinibus
672 681 701 739 et
718 676 1023 760 Congregationibus,
1038 675 1180 738 etiamad

207 765 342 830 habitum
364 765 493 842 admitti,
509 763 623 845 absque
636 764 885 829 testimonialibus
900 765 1003 828 litteris
1014 773 1079 828 tum
1093 765 1181 826 Ordi-

209 855 285 918 naril
307 856 447 937 originis,
464 861 529 916 tum
554 852 703 914 Ordinarii
728 853 784 918 lool
807 855 838 916 iu
860 873 922 937 quo
937 853 1092 936 postulans
1105 855 1183 916 ultra

209 963 324 1006 annum
339 951 473 1006 moratus
486 943 525 1004 sit
540 959 548 1003 ε
565 963 580 1000 «
594 940 754 1020 Ordinarii,
770 943 882 1025 inquit,
894 944 924 1005 in
936 941 1065 1025 pretatis
1079 942 1183 1005 litteris

209 1031 1184 1114 ntestimonialibus,postquamdiligenterexquisirerinl,etiam
1239 1097 1240 1104 ,

209 1143 225 1182 a
249 1140 304 1204 per
323 1129 451 1184 secretas
469 1119 711 1196 informationes,
727 1120 765 1182 de
780 1121 956 1202 postulantis
968 1119 1185 1204 qualitatibus,

210 1233 225 1270 a
250 1210 362 1273 referre
376 1209 506 1272 debeant
518 1209 557 1272 de
570 1209 636 1288 ejus
651 1209 818 1287 natalibus,
833 1217 919 1272 aetate
930 1258 938 1286 ,
950 1209 1102 1288 moribus,
1114 1212 1185 1287 vill,

211 1321 226 1359 a
251 1299 330 1362 lamb
343 1347 350 1376 ,
365 1298 557 1376 conditione,
579 1297 771 1374 educatione,
787 1298 910 1362 scientia
925 1319 934 1376 ;
950 1317 988 1362 an
1006 1300 1043 1361 sil
1057 1299 1188 1380 inquisi-

210 1409 228 1449 t>
251 1396 317 1465 tus,
341 1389 442 1470 aliqua
464 1389 612 1462 censura,
640 1387 868 1468 irregularitate,
889 1393 942 1450 aul
959 1387 1017 1452 alio
1037 1391 1188 1451 canonico

212 1501 227 1536 n
253 1477 469 1559 impedimento
492 1477 634 1552 irretitus,
654 1495 713 1540 aare
733 1477 831 1538 alieno
852 1483 1008 1558 gratatus,
1023 1476 1188 1540 reddenda·

213 1591 227 1626 a
254 1567 380 1646 alicujus
394 1565 660 1629 administrationis
673 1565 779 1627 rationi
794 1565 951 1628 obnoxius.
968 1569 1005 1627 Et
1018 1565 1115 1628 sciant
1135 1571 1188 1628 Or·
1240 1563 1241 1646 l

213 1681 228 1716 a
253 1656 361 1718 dinarii
382 1674 487 1719 eorum
510 1653 725 1717 conscientiam
744 1673 835 1736 super
848 1655 1189 1736 veritaleexposilorum
1240 1655 1241 1680 l

213 1771 229 1806 n
253 1752 409 1807 oneratam
424 1759 597 1821 remanere,
611 1761 668 1804 nee
682 1743 754 1824 ipsis
768 1761 902 1824 unquam
916 1744 1044 1806 liberum
1053 1763 1124 1807 esse
1140 1747 1190 1808 bu-

215 1859 229 1893 u
251 1833 382 1912 jusmodi
396 1832 610 1894 testimoniales
625 1832 735 1894 litteras
753 1831 913 1914 denegare.
931 1855 945 1891 u
962 1833 1070 1894 Postea
1085 1843 1190 1896 contra

215 1923 366 2003 regulares
383 1921 441 1983 hou
458 1921 613 1982 decretum
632 1930 856 1983 nonservanles
867 1969 874 1994 ,
885 1921 1125 2004 staluilurpoena
1136 1925 1192 2006 pri·

215 2011 340 2074 rationis
360 2009 551 2086 officiorum,
579 2011 722 2090 vocisque
742 2011 865 2086 aotivae,
888 2029 1007 2072 necnon
1029 2011 1191 2076 habilitatis

215 2100 253 2162 ad
275 2100 333 2162 alia
351 2098 470 2162 ollloia'
463 2117 494 2160 rn
510 2107 662 2180 posterum
679 2097 852 2162 obtinenda
862 2102 929 2181 (Ap.
944 2101 1057 2180 Bourx,
1076 2100 1190 2164 Delie·
1241 2155 1242 2182 ,

216 2187 390 2270 uolonibus,
405 2195 479 2250 lom.
497 2191 510 2249 l
518 2207 571 2269 ,p.
587 2190 671 2267 552.)
1241 2185 1242 2214 l

257 2281 345 2338 9621.
368 2278 434 2340 lloo
454 2277 613 2339 Decretum
633 2275 802 2338 extenditur
824 2279 914 2340 oliam
923 2278 1030 2358 ,Juxta
1046 2281 1192 2343 eumdem

217 2367 254 2430 ll.
271 2365 471 2446 Bouixlilid„
492 2385 522 2447 p
539 2368 619 2444 575),
636 2363 673 2427 ad
686 2366 959 2448 Congregatlones'
953 2386 984 2428 m
998 2366 1114 2449 quibus
1127 2380 1193 2434 rota

217 2455 396 2517 emittuntur
408 2455 551 2517 duntaxat
565 2453 727 2536 simplicia3
750 2453 804 2516 sed
818 2473 879 2518 nou
894 2455 1012 2520 videtur
1026 2473 1095 2520 esse
1108 2458 1194 2522 intel·

215 2539 375 2627 ligendum
390 2545 428 2606 de
442 2543 634 2606 monialibus.

258 2634 362 2696 Valida
385 2642 486 2696 aulem
510 2641 588 2696 esset
610 2633 771 2715 professio,
787 2633 841 2696 elsi
864 2633 983 2713 illinita,
998 2651 1093 2716 supra
1107 2634 1194 2700 dietis

219 2743 280 2792 uon
300 2724 471 2786 observatis.
487 2725 529 2784 lta
544 2724 575 2785 S.
591 2723 888 2805 CongregAEpiscop.
908 2731 938 2786 et
951 2724 1073 2805 Regul,
1091 2729 1107 2788 l
1125 2725 1194 2788 maii

220 2818 307 2878 lust.
328 2813 399 2875 Vide
414 2812 528 2886 Instit„
545 2815 581 2874 R.
597 2811 634 2874 de
649 2815 688 2874 bl.
706 2817 790 2890 (lom.
807 2815 836 2891 l,
852 2833 883 2895 p.
899 2809 980 2892 487).

258 2904 456 2964 unua-111.
473 2905 506 2963 ln
521 2920 592 2964 nasu
606 2903 783 2964 necessitatis
794 2912 969 2984 parentum,
985 2905 1093 2987 regula
1106 2925 1196 2988 gena·

219 2991 288 3054 ralis
308 2997 371 3052 est:
388 2991 543 3052 neminem
566 3009 653 3072 posse
674 2991 862 3072 Religionem
876 2992 991 3070 ingredi
1006 2995 1195 3077 quindena

220 3085 321 3142 rentes
341 3083 492 3155 extremit,
507 3079 552 3140 rel
576 3080 665 3142 eliam
690 3080 770 3161 gravi
792 3081 984 3158 necessitate,
1000 3091 1193 3164 premuntur.

220 3170 262 3231 lla
276 3168 479 3230 communiter
493 3169 555 3228 DD.
573 3167 632 3249 (ap.
645 3171 675 3232 S.
693 3169 826 3249 Ligunr,
841 3169 893 3229 lib.
909 3174 945 3247 l,
961 3181 995 3230 n⁰
1008 3174 1078 3248 66):
1095 3191 1198 3234 neees-

220 3259 291 3320 sltas
304 3258 374 3319 verb
384 3255 555 3317 communis
567 3275 627 3317 non
638 3257 939 3338 estimpedimenlum
950 3257 1106 3322 sufficiens
1119 3261 1195 3340 (int

261 3351 351 3408 2623.
376 3344 461 3415 Quod
485 3343 593 3407 dicitur
611 3345 649 3408 de
672 3347 846 3429 parentibus
861 3346 985 3428 intelligi
1001 3347 1092 3411 debel
1106 3353 1197 3412 etiam

222 3435 260 3496 de
271 3433 339 3494 liliis
352 3431 454 3512 (ibid.)
468 3452 474 3492 :
491 3433 521 3493 in
537 3439 664 3516 utroque
679 3441 780 3498 tannen
804 3453 876 3497 nasu
897 3433 1043 3517 professio
1057 3445 1139 3502 esset
1151 3457 1199 3501 va·

223 3520 297 3596 lida,
314 3521 448 3600 quamvis
464 3520 574 3582 illicita.

265 3607 436 3672 Notandum
450 3615 495 3672 est
509 3612 555 3672 1⁰:
572 3609 595 3671 ai
607 3607 686 3674 illins
699 3627 825 3676 manens
834 3614 865 3678 in
875 3611 986 3678 aerulo
996 3613 1139 3696 nequiret
1150 3631 1201 3679 ne
