2486 3984
356 360 373 383 ,
410 319 494 366 crasa
518 319 636 368 rrrtuus.
970 309 1009 370 99

49 445 60 478 o
84 419 210 484 trident.
234 418 320 499 (sess.
336 415 391 492 25,
413 433 480 498 cap.
504 417 563 490 td).
587 413 645 477 Sed
669 414 781 478 debent
801 417 838 479 ab
861 418 1008 500 Episcopo

48 535 60 568 p
82 510 283 574 dioecesano...
299 503 476 588 approbari,
494 509 529 568 ut
546 506 686 586 expresse
701 506 802 568 statuit
817 509 940 588 Gregor.
956 511 1008 572 XV

49 621 60 656 o
83 599 110 659 in
124 596 244 660 Constit.
260 591 465 658 Inamtcbili.
477 615 492 652 c
506 591 578 655 Vide
590 593 731 668 Ferraria,
748 599 779 656 v⁰
795 595 819 658 C
820 595 1008 675 mrscssarius,

51 693 97 748 tri.
114 686 234 762 5,n¹⁸l
255 689 327 747 eid.

84 779 165 838 toat.
187 775 272 838 Circa
285 773 362 835 hanc
375 771 533 836 materiam
549 790 557 831 :
577 772 778 836 «Notandum
797 772 878 856 quod
892 772 1009 836 contes-

48 865 144 926 osarii
178 863 356 926 monialium
383 861 614 942 (cujuscumque
636 863 882 940 communitatis,
911 863 1010 944 inquit

47 973 62 1012 a
82 953 184 1029 Eouir,
202 951 246 1015 lle
260 951 417 1034 Episcopo,
432 956 454 1010 t.
475 953 514 1026 2,
531 969 560 1031 p.
578 953 651 1026 att,
669 953 730 1030 lle)
746 952 847 1034 elapso
860 951 1007 1030 triennio,

49 1065 62 1100 tt
83 1041 265 1105 declarantur
280 1040 417 1121 suspensi
438 1037 476 1100 ab
495 1037 652 1100 audiendis
666 1039 799 1120 ipsarum
812 1039 1009 1103 confessioni·

49 1130 151 1209 obus,
177 1131 233 1193 nisi
256 1129 411 1192 licentiam
432 1129 464 1190 S.
491 1127 602 1209 Gongr.
618 1128 789 1208 obtineant,
809 1147 845 1192 ex
873 1129 1009 1211 pluribus

50 1243 61 1276 r
84 1219 221 1282 Declaral.
238 1221 270 1282 S.
287 1219 353 1280 G.»

85 1309 248 1372 «Advertit
270 1309 316 1370 De
339 1302 510 1370 Alcitandro
532 1307 613 1388 quod
632 1307 783 1390 Episcopi,
808 1309 840 1370 in
860 1309 1010 1392 aliquibus

49 1397 167 1475 plocis,
197 1399 317 1461 ratione
344 1395 522 1460 deficientiac
556 1396 808 1460 confessariorum
831 1397 1010 1461 idoneorum

48 1509 60 1542 r
82 1488 175 1550 sinant
196 1487 282 1570 ipsos
300 1485 410 1548 durare
431 1485 508 1546 ultra
526 1485 728 1547 triennium...
754 1485 886 1548 Advertit
908 1487 1010 1568 (idem)

48 1599 60 1630 o
81 1595 144 1638 cum
165 1576 319 1639 Bardonio
340 1577 381 1654 (q.
398 1575 438 1654 5),
461 1573 541 1654 quod
557 1573 719 1654 aliquando
738 1575 883 1637 moniales
898 1577 1011 1656 possint

47 1687 59 1721 n
81 1684 212 1728 recusare
226 1664 447 1746 confessarium
461 1662 499 1724 ab
512 1663 662 1744 Episcopo
675 1661 869 1742 deputatum,
885 1683 920 1725 ex
932 1667 1010 1744 justa

48 1775 59 1810 i
80 1759 178 1831 causa,
194 1773 307 1836 nempe
321 1753 345 1815 si
362 1749 561 1815 confessarius
570 1751 609 1812 sit
623 1751 762 1812 inimicus
772 1753 1010 1834 propinquorum

48 1865 60 1899 p
82 1844 245 1926 aliquarum
271 1841 465 1917 monialium,
486 1839 533 1902 vel
547 1839 572 1901 si
591 1839 630 1901 sit
649 1839 739 1901 nimis
761 1840 891 1922 rigidus,
914 1850 1006 1906 cte.»

48 1933 74 1991 S.
86 1935 213 2014 liguas,
228 1931 282 1994 lib.
299 1935 333 2004 6,
350 1941 384 1992 n⁰
396 1934 466 1992 577.

83 2025 165 2084 1535.
189 2023 273 2086 Nota
287 2019 386 2082 adhuc
403 2041 418 2078 a
433 2018 514 2099 quod
528 2017 743 2101 prohibeantur
763 2021 831 2104 eligi
847 2023 877 2084 in
892 2021 1010 2085 confes-

47 2133 59 2166 p
81 2112 169 2174 sarios
188 2110 370 2174 monialium
396 2107 507 2170 Vicarii
529 2108 707 2184 Generales3
731 2111 872 2192 parochi,
895 2111 919 2172 si
938 2131 1011 2173 cura

47 2221 59 2254 a
81 2201 246 2263 notabiliter
273 2199 450 2272 laederetur3
480 2215 587 2258 omnes
618 2198 784 2276 regulares,
811 2219 846 2262 cx
875 2200 1011 2283 pluribus

47 2311 59 2345 n
80 2288 203 2352 decretis
217 2291 250 2352 S.
267 2289 300 2350 C.
313 2305 362 2369 ap.
380 2288 423 2348 lic
442 2283 630 2361 Alexandro,
648 2305 713 2367 cap.
731 2291 769 2366 6,
785 2289 849 2370 §6;
867 2289 937 2350 itcm
953 2291 1011 2352 Ca-

48 2399 60 2434 u
82 2379 177 2442 uonici
185 2376 416 2453 Poenitenliarii,
428 2393 464 2436 ex
473 2373 583 2436 declar.
596 2377 627 2437 S.
639 2378 671 2436 C.
684 2377 789 2454 Conc.;
801 2379 853 2440 sed
864 2397 915 2441 eos
925 2399 1011 2461 posse

47 2489 60 2524 u
80 2468 157 2550 eligi,
172 2469 197 2530 si
213 2469 383 2549 Episcopus
395 2464 480 2526 aliter
491 2462 652 2541 judicaret,
670 2468 759 2527 sentit
773 2469 814 2528 Dc
830 2468 1010 2548 Alexandro,

50 2575 61 2608 r
82 2575 110 2636 q.
124 2561 181 2617 i...
201 2579 217 2616 o
236 2559 269 2618 S.
290 2554 410 2636 Liguor.
427 2551 541 2634 (icida.
562 2555 636 2614 llam
656 2554 724 2634 eligi
743 2555 939 2636 prohibentur
956 2560 1011 2618 Ca·

49 2643 138 2707 notrici
150 2645 238 2726 juxta
251 2643 408 2717 Analecta,
421 2641 502 2721 janu.
524 2645 616 2719 4859,
639 2643 696 2704 col.
721 2648 818 2720 taam
841 2645 893 2706 sed
912 2646 1012 2708 minus

50 2731 170 2812 rigorose
184 2732 389 2796 excluduntur
407 2733 500 2812 quam
515 2730 624 2792 caeteri.

85 2826 168 2886 t53tt.
191 2825 304 2885 Praeter
325 2817 540 2883 confessarium
554 2819 752 2898 ordinarium,
767 2819 831 2883 dari
845 2821 934 2886 debet
947 2842 1011 2886 mo·

52 2910 169 2976 cialibus
193 2909 467 2985 extraordinarius3
497 2913 528 2970 ct
552 2907 609 2971 hoo
632 2907 756 2988 quidem
778 2911 823 2974 bis
846 2911 891 2972 vel
915 2920 959 2976 tar
981 2915 1011 2978 itt

50 3014 140 3080 anno,
160 3001 224 3063 imd
243 3007 349 3082 quater
371 2999 455 3076 juxta
475 2997 598 3059 Constit.
625 2996 788 3060 Pastorolis
806 3000 918 3064 Bened.
935 3005 1009 3065 Xlll.

50 3088 117 3150 Vide
136 3089 298 3158 Analecta,
313 3089 395 3167 janv.
421 3089 515 3159 1859,
532 3085 590 3148 col.
611 3089 696 3148 lsstl.
718 3090 760 3150 Dc
778 3089 836 3154 hoc
859 3092 1012 3172 prouidere

51 3173 131 3239 debet
143 3180 332 3261 Episcopus,
349 3177 436 3238 etiarn
458 3193 511 3256 pro
528 3175 708 3238 monialibus
728 3181 874 3260 exemptis
894 3181 916 3240 si
936 3181 1013 3261 ipse·

53 3283 111 3328 rum
133 3268 306 3348 superiores
319 3265 362 3328 eis
377 3283 438 3326 non
456 3265 622 3327 concedant
645 3285 652 3326 :
673 3287 688 3325 a
711 3267 795 3338 Oudd
810 3269 833 3329 si
851 3269 1014 3350 Episcopus

52 3375 65 3408 r
87 3353 114 3414 io
129 3355 187 3417 lrao
201 3374 232 3417 re
247 3355 403 3435 negligens
416 3362 543 3428 esset...,
558 3353 708 3426 volumus,
727 3355 824 3435 inquit
837 3356 1015 3421 Benedictus

54 3461 65 3496 t
86 3445 149 3505 XIV
163 3443 197 3505 in
212 3445 295 3508 Bulla
310 3443 490 3517 Pastoratis,
506 3443 650 3524 Majorcm
667 3445 937 3520 Poenz'tentinriam,
953 3455 1015 3508 sta-

56 3532 139 3593 otim
157 3550 231 3596 aa„
255 3533 418 3614 requisitus
442 3531 551 3607 luerit,
573 3533 789 3594 confessarium
812 3533 1015 3594 extraordina-

58 3621 183 3694 rrirun,
208 3640 243 3686 cx
273 3640 378 3685 corum
402 3629 503 3683 tamen
532 3641 661 3685 numero
692 3625 743 3700 qui
767 3621 803 3681 ad
828 3620 1017 3696 excipiendas

61 3725 71 3761 t
92 3709 263 3776 monialium
287 3712 491 3775 contessioncs
517 3711 555 3774 ab
588 3709 652 3791 ipso
681 3709 839 3771 Ordinario
863 3703 1018 3785 approbati
