2522 3992
446 197 532 248 sura
548 195 665 245 astaus.
978 192 1037 256 1111

68 287 145 367 giesi
168 289 338 354 subduntur
358 293 476 356 tantiam
496 297 527 360 S.
551 298 707 364 Pontifici:
730 303 802 367 obm
822 305 873 370 ille
895 311 1037 371 transitus

66 376 106 438 sit
119 378 163 440 eis
176 397 337 442 concessus
350 380 388 442 de
403 381 487 462 jure,
511 384 602 448 etiam
623 387 722 454 invitis
742 393 970 474 Superioribus,
994 399 1037 459 uti
1072 406 1076 414 “

65 473 185 530 constat
198 487 233 532 ex
249 487 316 550 sap.
334 469 967 560 1111118μ11119111ν111111111111111
987 485 1037 548 Vo-

66 563 146 634 tum,
162 563 216 623 ert
229 561 266 634 3,
283 570 316 620 n⁰
330 563 378 634 te
390 567 418 622 et
431 561 462 624 S.
478 562 613 644 Lignor.,
629 566 680 630 lib.
692 573 727 647 3,
744 581 777 633 n⁰
792 577 876 651 233„
892 575 1035 638 sedidem

64 643 98 706 S.
116 644 236 726 Lignor.
252 646 315 725 (lib.
331 652 362 726 t,
380 651 413 710 n⁰
425 650 481 730 53)
499 653 591 718 etiem
608 655 769 723 Abbatissis
790 663 929 726 coneedit
942 671 1035 746 potes

64 737 157 796 tatem
173 734 307 798 irritandi
322 736 599 820 pressatumvotum,
609 753 642 808 ut
656 754 767 826 tenent,
783 749 892 834 inquit,
907 756 1032 836 Pnsq....

62 830 95 886 et
105 822 236 888 odloeret
251 825 348 904 Alex,
371 835 474 892 eontra
487 831 586 909 Less,
602 835 715 915 Pellio,
727 843 786 902 eto.
806 843 851 902 Ex
864 841 921 905 hoe
934 849 1036 906 emen

64 919 192 976 nonest
216 915 460 980 concludendum
481 920 564 1000 quod
590 921 753 990 abbatisse
783 930 885 1010 (5219)
909 939 960 996 aut
987 933 1035 996 alii

64 1001 241 1084 Superiores
254 1004 371 1068 auterre
385 1007 501 1092 possint
514 1010 660 1092 religiosis
673 1016 825 1096 praelatam
840 1028 1034 1102 potestatem,

63 1093 162 1172 injure
176 1093 220 1158 eis
233 1113 423 1174 concessam,
445 1101 620 1164 transeundi
643 1103 680 1166 ed
699 1106 885 1188 Religionem
908 1110 1034 1174 strictio-

61 1198 147 1258 rem,
161 1183 185 1243 si
200 1182 257 1246 hoo
271 1187 314 1246 eis
323 1186 468 1268 placeret,
481 1187 548 1252 lieet
558 1189 595 1252 de
605 1191 661 1254 hoo
674 1202 774 1258 votum
784 1215 845 1260 non
859 1201 1032 1262 emiserint:
1091 1215 1094 1222 ’

60 1270 118 1334 sed
129 1272 214 1352 iuste
228 1276 259 1336 S.
276 1275 395 1356 Liguor.
412 1277 509 1357 posito
523 1279 605 1359 quod
622 1283 679 1344 tale
693 1291 795 1348 votum
809 1286 950 1368 feeerint,
965 1291 1033 1352 irri·

61 1361 120 1422 turi
131 1369 229 1443 potest
242 1364 332 1426 etiam
345 1364 383 1426 ab
397 1364 571 1432 subatissis.

533 1511 565 1570 lv

63 1611 257 1664 ΑΒΒΙΤΛΉΕΝΤΔ
270 1615 390 1672 QUEM!
404 1619 482 1664 cruca
495 1621 703 1668 sotullrittn'rutt
713 1625 797 1672 rutilii
811 1628 938 1676 veronus
953 1632 1032 1677 stitus

462 1701 634 1747 SUMPTORUM·

106 1809 195 1870 250l.
218 1807 264 1872 lix
276 1807 419 1872 omnibus
436 1809 613 1894 supradietis
633 1812 713 1876 eires
728 1814 948 1882 solemnitatem
970 1821 1033 1882 sin-

59 1895 208 1977 gulorum
228 1903 364 1960 votorum
384 1898 613 1980 religiosorum,
633 1903 878 1970 concludendum
898 1915 1034 1974 osteum

58 1985 205 2050 Suorezio
222 1985 275 2064 (De
297 1986 409 2069 Retio,
432 1995 495 2050 tom
511 1992 549 2068 3,
569 1990 620 2052 lib.
637 1995 673 2070 2,
695 2011 723 2056 o.
750 1999 808 2074 ll,
829 2008 862 2058 n⁰
886 1999 1033 2080 ibiquod

58 2075 123 2138 voti
139 2075 312 2138 solemnitas
327 2077 356 2138 in
371 2075 490 2142 duobus
501 2079 661 2142 oonsistet:
679 2085 810 2148 «Unum
825 2091 869 2148 est
879 2133 887 2163 ,
899 2094 932 2148 ut
946 2087 1034 2150 tradi·

58 2189 74 2224 a
105 2163 178 2226 tioni
200 2182 253 2229 seu
274 2165 416 2230 oblationi
432 2183 568 2248 personae
590 2170 736 2252 religiosa
756 2175 882 2236 omnino
895 2177 1034 2242 absolutae

59 2277 74 2312 s
104 2259 134 2314 et
147 2259 320 2336 exutusque
331 2263 414 2336 perte
424 2256 548 2334 (seilicet
562 2258 724 2340 Religionis
736 2269 765 2322 et
775 2263 915 2344 religiosil
930 2267 1033 2329 immu-

59 2365 75 2404 υ
106 2341 193 2402 rabili
201 2344 399 2422 conjunctum
411 2346 470 2420 sit;
491 2346 620 2410 alterum
634 2356 694 2428 est,
709 2356 742 2412 ut
756 2349 863 2414 habeat
877 2355 937 2416 vim
952 2357 1033 2420 inba-

59 2456 75 2492 n
103 2429 237 2494 bilitandi
250 2451 409 2514 personam
423 2433 460 2498 ad
471 2435 594 2500 effeetus
604 2439 731 2501 morales
745 2457 835 2522 supra
849 2441 1030 2523 decimalem

58 2543 75 2580 n
103 2519 168 2584 haee
190 2521 272 2584 enim
286 2521 348 2584 duo
367 2525 553 2602 conjunctim
568 2529 734 2590 necessaria
755 2535 845 2610 sunt,
861 2537 890 2594 et
904 2533 1031 2596 alterum

58 2633 75 2672 n
103 2609 169 2674 sint
182 2611 275 2676 nitere
290 2630 351 2679 nou
366 2613 483 2678 suflicit.
500 2637 515 2674 e

101 2703 193 2765 2502.
209 2703 332 2774 Quart.
349 2707 380 2768 1ο
396 2705 441 2768 tn
451 2703 489 2766 ad
503 2706 663 2770 essentiam
677 2708 777 2770 Status
790 2709 921 2791 religiosi
934 2712 1032 2793 requi·

59 2799 146 2856 retur
158 2799 294 2858 votorum
308 2793 503 2858 solemnitas?

103 2885 193 2964 lisso.
216 2883 357 2964 Negotiis
381 2902 390 2943 r
418 2903 433 2946 e
454 2885 555 2965 Usque
577 2884 615 2948 sd
636 2890 771 2968 tempora
793 2889 926 2969 Gregorii
946 2893 1029 2972 lllll,

58 2995 74 3032 n
103 2973 267 3036 multorum
285 2973 388 3055 opinio
402 2971 476 3048 luit,
500 2973 598 3054 inquit
620 2977 748 3055 Suarez,
770 2976 836 3040 sine
859 2978 916 3042 illis
936 2982 1031 3045 tribus

57 3085 72 3120 n
101 3061 177 3122 votis
189 3061 378 3132 solemnibus,
401 3061 521 3143 proprie
535 3069 565 3124 et
578 3063 808 3128 substantialiter
827 3067 942 3130 Statum
957 3071 1030 3132 reli-

58 3174 74 3212 n
101 3150 221 3232 giosum
236 3150 395 3216 subsistere
411 3167 471 3214 non
482 3169 588 3233 posse:
604 3169 639 3214 ao
653 3154 780 3217 subinde
795 3157 876 3218 illam
892 3159 1031 3222 solemni·

57 3263 73 3300 n
100 3248 193 3302 talem
206 3257 272 3304 esse
285 3239 323 3302 de
336 3241 465 3304 essemit
480 3240 609 3321 religiosi
624 3243 733 3304 Status.
748 3265 764 3302 n
786 3244 845 3309 Sed
863 3247 1030 3327 ttemnore

58 3329 172 3394 laudati
196 3329 368 3402 pontilicis,
392 3330 517 3392 omuino
531 3328 647 3394 sublata
667 3337 712 3392 est
726 3334 868 3413 opinandi
883 3335 1027 3412 verietss3

57 3422 104 3484 sic
126 3419 209 3482 enim
230 3416 318 3482 trahet
340 3419 500 3500 Gregorius
522 3419 606 3494 lllll,
631 3418 663 3480 in
689 3425 743 3484 sut
766 3422 890 3487 Constit.
917 3425 1030 3500 (taranti

56 3509 238 3593 fructuosis
251 3529 262 3568 .·
280 3529 295 3570 a
309 3507 472 3572 Stetuimus
485 3525 521 3571 so
534 3507 623 3570 etiam
637 3507 845 3585 decernimus,
862 3531 923 3576 non
938 3514 1029 3580 modo

57 3621 73 3660 ι
99 3616 154 3662 eris
166 3597 217 3662 oui
233 3597 263 3662 iu
275 3594 489 3670 Gondiutorum
502 3596 728 3678 Formetorum,
743 3598 804 3664 s're
818 3601 1027 3682 spiritualium,
