2522 3992
474 211 562 262 naua
581 217 700 262 amaus.
1014 193 1075 266 453

141 320 232 380 2583.
248 341 288 366 ..,
303 311 513 378 Comiter-iam.
538 313 579 373 Ex
594 311 685 373 modo
698 309 786 374 dictis
799 313 836 374 D.
852 310 947 374 Bouix
962 309 1075 394 eotttgtt

102 406 242 486 antiquos
254 403 355 467 Gatiiae
373 409 403 464 et
423 401 514 483 Betgii
530 399 684 482 reguirrres
698 401 846 482 potuisse,
860 401 926 464 sinc
945 405 1021 464 novt
1042 401 1076 463 ti·

102 493 200 556 centia
214 496 245 558 S.
269 493 354 557 Sedis
369 500 420 555 aut
432 489 579 555 Ordinarii
590 488 800 568 (rnoddadhuc
811 489 918 553 iuerint
928 490 1074 555 canonice

103 583 287 660 constituti),
310 599 403 644 noros
422 588 588 644 conuentus
610 583 765 661 acquirere
779 579 808 641 in
824 579 898 642 iocis
921 579 971 644 ubi
987 589 1074 644 antea

102 671 177 733 aiios
191 671 357 748 habebant,
382 670 567 748 iisdemque,
593 667 623 730 in
641 667 705 744 eis,
716 667 837 748 iuribus
859 687 895 734 ac
916 670 1075 752 privilegiis

103 759 234 841 gaudere
243 777 279 824 ac
293 760 324 822 in
339 760 463 842 priscis,
477 765 603 841 excepto
616 765 717 822 umen
728 758 798 837 jure
810 759 841 821 in
855 759 935 823 bona
947 761 1075 825 alienata

102 853 278 912 auctoritate
292 852 324 912 S.
341 849 437 912 Sedis.

143 941 235 1020 Suam
249 939 475 1002 conctusionem
488 940 525 1000 l).
542 937 637 1000 Bouix
655 936 762 1020 probat
774 935 832 1002 hac
845 937 960 1004 ratione
974 941 1072 1022 qudd,

103 1027 263 1090 alienando
285 1029 365 1090 bona
383 1028 655 1103 monasteriorum,
671 1028 702 1090 S.
719 1026 812 1090 Sedes
831 1045 891 1090 non
915 1029 1074 1094 intenderit

103 1116 185 1198 ipsos
198 1116 325 1180 Ordines
340 1117 495 1197 religiosos
508 1117 696 1198 supprimere
711 1116 740 1178 in
756 1117 867 1194 Gallia,
877 1125 906 1181 ct
918 1117 999 1200 quod
1011 1116 1075 1182 talis

105 1224 166 1268 nou
190 1207 279 1270 tuerit
301 1209 332 1269 S.
356 1207 442 1270 Sedis
462 1206 586 1267 intentio
603 1211 719 1268 constat
735 1225 743 1266 ε
759 1209 790 1268 t·
804 1223 841 1268 ex
855 1225 892 1270 eo
905 1207 986 1290 qudd
1003 1207 1073 1270 nihii

105 1303 149 1358 est
168 1297 198 1356 in
225 1295 412 1358 Concordato
424 1293 506 1377 quud
521 1295 598 1356 banc
620 1294 777 1371 insinuet;
800 1299 832 1357 2⁰
846 1296 916 1377 quia
935 1297 967 1359 in
992 1298 1075 1362 Outta

105 1384 136 1447 E
137 1385 247 1448 cetesioe
267 1384 404 1460 Christi,
419 1386 472 1446 etsi
502 1385 572 1446 Pius
594 1385 646 1445 vu
668 1383 855 1446 Concordato
868 1385 957 1448 etiam
975 1387 1076 1469 quoad

105 1474 357 1537 monasteriorum
386 1473 576 1536 fundationes
596 1473 723 1534 notuerit
743 1472 905 1555 derogare,
930 1475 987 1538 hoc
1007 1475 1076 1539 tecit

106 1567 208 1624 tamen
230 1567 309 1639 [sunt
330 1562 421 1626 verba
442 1562 599 1644 ipsiusmet
625 1559 800 1638 Pontificis),
821 1585 836 1622 <r
856 1561 896 1624 ud
908 1565 1074 1645 premisso·

107 1673 123 1709 a
147 1671 211 1712 rum
224 1651 353 1733 epitectum
366 1650 530 1724 duntaxat,
546 1651 659 1713 ceteris
672 1649 749 1712 olida
771 1649 803 1712 in
822 1671 873 1712 seeo
890 1652 988 1716 robore
1008 1674 1073 1735 per-

106 1762 122 1800 a
146 1742 301 1805 mansuris.
310 1743 410 1824 »Ergo
420 1739 610 1803 fundationes
619 1739 870 1803 monasteriorum
883 1760 944 1804 non
956 1741 1076 1806 ruerunt

105 1849 160 1915 per
186 1831 407 1894 Concordatum
427 1837 595 1903 revocatae,
616 1829 672 1892 nisi
700 1836 850 1910 quatenus
873 1833 1075 1896 concessioni·

104 1922 162 1986 bus
181 1921 356 1984 concordati
377 1927 462 1984 erant
483 1920 664 1994 eontrariaa;
691 1921 781 2002 porrd
801 1919 841 1982 ob
868 1921 963 1982 solam
993 1923 1074 1985 resti-

105 2013 253 2078 tutionem
280 2010 430 2076 bonorum
455 2029 523 2091 quae
542 2007 580 2072 ad
602 2009 666 2092 ipsa
688 2009 914 2090 pertinuerant,
935 2009 1077 2092 impedie-

107 2099 193 2164 batur
209 2102 323 2182 integra
338 2099 514 2164 concordati
529 2097 689 2161 exsecutio.
706 2101 786 2180 Ergo
801 2098 858 2161 sarh
868 2098 925 2162 hoc
938 2110 1075 2182 respectu

105 2193 222 2253 tantum
242 2188 433 2252 fundationes
447 2187 613 2270 priscorum
628 2196 831 2251 conventuum
846 2183 968 2250 iuerunt
988 2209 1076 2254 revo-

105 2287 180 2342 catae
200 2297 254 2362 per
276 2278 506 2342 concordatum.
522 2313 562 2326 —
575 2277 612 2338 ut
634 2281 736 2339 resera
760 2277 886 2359 pluries,
901 2279 966 2340 vira
984 2298 1073 2360 voca,

106 2369 177 2432 Pius
203 2369 256 2432 Vll
276 2367 436 2430 declaravit
457 2367 585 2430 Ordines
602 2367 757 2448 religiosos
775 2366 865 2430 tuisse
887 2367 1010 2450 quidem
1024 2388 1076 2451 op·

106 2477 241 2540 pressos,
256 2476 319 2520 non
333 2457 404 2520 eard
417 2474 605 2538 suppressos.

147 2549 211 2611 lmd
224 2550 254 2610 S.
272 2545 375 2620 Sedes,
394 2565 551 2629 persuum
567 2547 708 2628 Legatum
718 2543 805 2608 Card.
816 2547 956 2627 Caprara,
971 2553 1075 2610 contra

106 2638 302 2702 undecimum
317 2635 477 2699 artieutum
500 2637 574 2716 tegis
593 2635 760 2716 organica,
784 2634 896 2715 inquo
916 2653 1075 2717 suppressa

105 2725 310 2789 decernuntur
323 2727 420 2788 omnin
438 2726 581 2787 Instituta
594 2723 806 2800 aeclesiastica,
822 2730 929 2807 praeter
942 2725 1075 2808 Capituta

106 2815 289 2879 cathedralia
300 2823 330 2878 ot
339 2815 510 2880 seminaria.
523 2813 643 2895 publice
653 2811 986 2887 reclamavit,dieendo:
997 2837 1012 2874 o
1023 2816 1076 2879 Ec-

106 2927 122 2966 a
146 2905 244 2968 etesia
256 2905 349 2969 soiius
362 2913 424 2967 erat
431 2921 536 2967 eorum
545 2902 707 2966 decernere
715 2902 954 2985 suppressionem.
968 2926 983 2964 a
996 2905 1075 2989 Ergo

106 2995 238 3058 Ecclesia
252 2996 388 3057 instituta
402 2993 451 3056 itta
466 3011 526 3054 non
537 3001 743 3074 suppresserat
758 2997 795 3056 ts
808 3011 878 3075 aug.
896 2997 983 3057 1803.

144 3087 235 3148 aaut.
247 3087 289 3148 Re
299 3083 421 3167 quidem
436 3087 504 3145 aertt
518 3082 626 3163 tjunii
642 3085 734 3161 1803,
750 3082 829 3144 idem
844 3083 930 3146 Card.
947 3086 1075 3168 Legatos

104 3171 285 3236 declaravit:
305 3175 378 3236 «De
395 3191 536 3254 expresso
558 3171 699 3234 mandato
712 3177 742 3235 et
754 3173 929 3237 auctoritate
942 3176 1074 3238 sanctis-

105 3285 121 3325 ν
144 3263 213 3324 simi
226 3310 234 3336 ,
248 3281 355 3326 omnes
368 3270 399 3326 et
412 3263 546 3344 singulos
559 3261 716 3343 utrlusque
741 3265 831 3326 sexus
852 3271 1027 3345 exemptos,
1043 3264 1074 3326 in

104 3373 120 3414 a
145 3352 292 3416 territorio
312 3353 471 3415 Gattioanae
491 3349 672 3435 reipublice
694 3351 865 3424 existentes,
886 3351 1076 3433 inpraesenti

104 3463 121 3504 a
143 3449 242 3516 stuta,
258 3443 296 3505 ab
309 3442 479 3505 obedientia
488 3459 614 3504 suorum
628 3443 791 3523 respective
804 3441 924 3504 Ordinis
937 3443 1075 3525 Superio-

104 3555 121 3596 ι
144 3549 213 3595 rum
231 3531 341 3594 liberos
357 3539 388 3594 et
408 3537 521 3594 aotutos
540 3548 626 3606 essa;
641 3547 753 3613 eosque
777 3531 807 3593 in
823 3530 925 3596 habitu
940 3533 1074 3596 saeculari

104 3642 121 3688 a
143 3620 263 3686 decenti
276 3619 465 3700 incedentes,
480 3618 570 3684 tirmo
582 3625 685 3684 umen
698 3620 825 3704 singulis
839 3630 1015 3686 remanente
1028 3641 1074 3688 so·

18 3926 292 3947 *k-‚‚-
