2522 3992
425 260 511 308 uara
531 260 650 308 narnus.
969 241 1028 311 lbi

55 360 238 426 cesaruttbus
252 363 411 443 parentum
425 357 584 422 subvenire
594 406 602 434 ‚
614 357 670 441 ipsi
679 356 795 422 licitum
808 365 887 424 esset
900 359 1027 443 Religio

55 470 123 513 nem
134 449 265 533 ingredi3
282 453 312 510 2·
327 447 408 510 idern
422 455 467 509 est
480 446 660 525 dicendum,
669 447 752 528 juxta
768 450 799 510 S.
820 449 987 528 Thornam‚
1003 450 1027 514 sl

55 559 180 602 manens
198 540 229 602 in
250 537 361 600 secuto
381 543 459 599 esset
482 537 513 598 in
534 535 673 619 proximo
693 543 723 600 et
749 537 830 620 gravi
849 538 984 620 periculo
998 538 1029 602 in

55 637 210 710 peecatum
232 625 359 688 mortale
382 624 502 688 labendi
521 627 565 708 (S.
591 625 727 706 Lignum,
748 626 829 705 ib.);
852 631 884 690 3·
899 627 950 689 filii
967 628 1031 706 jam

56 715 178 799 professi
193 722 333 778 tenentur
347 715 365 776 ὲ
381 721 531 777 conventu
546 713 646 794 egredi
661 763 670 791 ‚
685 714 710 777 si
725 723 864 796 parentes
879 716 1032 781 evidenter

56 805 93 868 nd
108 812 273 868 extremam
284 803 491 866 necessitatem
505 810 603 865 essent
617 802 756 879 deducti,
768 812 798 866 et
810 805 894 867 aliter
908 805 951 866 eis
961 825 1031 887 pro·

56 895 147 957 rideri
167 913 228 955 non
251 899 351 974 posset
368 911 375 952 :
394 909 467 954 casu
480 892 551 954 verb
570 911 631 973 quo
650 892 731 973 gravi
746 891 891 955 duntaxat
906 894 1033 956 necessi·

57 987 347 1064 talepremerentur,
372 999 411 1042 an
435 981 525 1042 etiam
546 987 703 1043 teneantur
730 982 833 1060 exire,
870 1001 932 1044 non
964 1001 1034 1045 con-

58 1072 182 1133 cordant
196 1073 271 1132 DD.:
287 1069 472 1151 probabilius
486 1075 571 1150 putat
584 1072 616 1132 S.
628 1067 748 1150 Lignor.
762 1069 828 1148 (iu,
843 1079 877 1132 n⁹
887 1071 936 1151 67)
950 1069 1033 1154 qubd

58 1167 92 1222 ut
113 1167 185 1222 tunc
207 1159 287 1222 licite
300 1158 401 1239 egredi
416 1158 549 1234 valeant,
569 1157 622 1220 lilii
645 1157 798 1238 indigeant
813 1159 983 1240 Superioris
997 1159 1034 1222 li-

56 1251 171 1325 centia‚
186 1249 247 1311 sire
261 1247 423 1310 necessitas
436 1255 597 1330 parentum
607 1247 776 1330 ingressum
791 1247 946 1332 religionis
959 1267 1034 1332 prm·

58 1338 200 1415 cesserit,
215 1337 276 1400 sive
290 1336 380 1400 luerit
393 1337 564 1400 subsecuta.

100 1429 188 1489 2626.
212 1428 279 1488 Non
306 1432 352 1488 est
372 1433 473 1489 autem
493 1425 637 1508 obligatio
658 1424 801 1488 manendi
822 1423 855 1486 in
872 1426 983 1489 saeeulo
996 1427 1036 1489 ad

59 1514 301 1579 subueniendum
320 1516 401 1598 gravi
416 1515 582 1580 necessitati
599 1513 724 1577 fratrum
738 1520 768 1576 et
781 1531 919 1577 sororum
936 1517 1035 1592 (secus

61 1605 88 1666 si
106 1606 262 1668 necessitas
276 1605 314 1667 sit
332 1611 501 1684 extrema),
492 1625 500 1640 ·
514 1611 646 1667 attamen
659 1602 718 1665 hoc
731 1609 776 1664 est
790 1601 926 1679 licitum;
942 1603 995 1666 sed
1009 1605 1034 1667 si

60 1691 167 1756 luisset
183 1711 325 1756 emissum
334 1701 438 1756 votum
453 1694 639 1774 Religionem
649 1689 854 1773 ingrediendi,
867 1693 1036 1754 necessaria

58 1781 464 1864 essetdispensatioutquis‚
481 1782 668 1864 perlongum
678 1778 1036 1862 tempuspossetdifferra

57 1872 232 1950 ingressum
253 1880 373 1953 propter
396 1889 517 1952 gravem
542 1871 751 1940 necessitatem
779 1867 917 1932 bairum
948 1869 1037 1952 (Vide

56 1960 243 2040 S.Liguor.‚
259 1959 346 2022 tint
356 1962 492 2042 ,⁰.n’ltt)

101 2053 192 2111 2625.
209 2048 329 2122 Quaerit.
348 2051 394 2110 An
406 2048 455 2110 tilii
472 2049 534 2111 licit
535 2049 551 2110 6
521 2049 681 2132 tpossint
694 2048 883 2132 Religionem
897 2049 1035 2134 ingredi,

56 2138 163 2203 invitis
179 2145 231 2202 aut
245 2137 346 2200 inseiis
359 2137 558 2219 parentibus?

103 2231 193 2309 Resp.
214 2225 305 2288 Filios
323 2227 375 2308 qui
398 2245 495 2288 annos
515 2225 680 2308 pubertatis
707 2228 930 2310 impleverunt,
958 2227 1038 2293 licita

58 2335 172 2400 posse,
188 2315 286 2378 invitis
301 2322 351 2378 aut
366 2315 467 2379 insciis
486 2317 681 2396 parentibus,
704 2318 891 2399 Religionem
907 2317 1035 2398 ingredi.

55 2410 106 2471 lta
121 2408 152 2468 S.
168 2405 290 2486 Lignor.
306 2405 373 2482 (ila.
385 2413 418 2465 n‘
428 2407 477 2482 68)
487 2405 539 2486 qui
553 2406 623 2467 citat
637 2407 749 2468 Concil.
763 2407 897 2470 'toletan
915 2408 957 2483 X,
968 2425 1036 2488 cap.

57 2495 119 2557 ult.
136 2501 165 2558 et
179 2493 292 2558 Concil.
309 2493 438 2572 Tiburt,
453 2511 543 2556 causa
557 2497 611 2555 at:
629 2501 658 2556 et
670 2494 741 2557 dicit
755 2497 817 2557 ub.
843 2495 886 2557 sic
899 2511 1038 2557 eommu-

56 2585 145 2646 niter
159 2585 280 2646 sentire.

106 2673 192 2734 Ratio
206 2678 250 2734 est
263 2672 334 2754 quic
355 2692 417 2736 non
438 2679 483 2736 est
500 2673 642 2755 obligatio
662 2672 838 2754 parentibus
851 2669 1039 2753 obsequendi

52 2761 168 2848 quoad
180 2759 358 2825 electionem
373 2764 490 2841 Status,
505 2762 671 2844 praesertim
681 2760 809 2840 religiosi
820 2807 828 2838 ,
840 2761 876 2822 eb
885 2760 966 2842 qudd
978 2780 1040 2826 non

52 2853 184 2917 tantum
201 2869 261 2914 non
282 2851 410 2914 habeant
424 2851 658 2934 experientiam,
675 2850 727 2912 sed
737 2849 776 2912 ob
791 2850 947 2932 proprium
962 2851 1038 2912 inte-

54 2957 150 3010 resse
175 2947 226 3002 aut
253 2939 441 3002 mundanum
464 2940 604 3002 affectum
631 2945 786 3001 mutentur
805 2940 837 3000 in
860 2939 971 3002 hostes.
1001 2974 1040 2988 -

54 3029 215 3092 contrarii
228 3035 328 3091 tamen
344 3035 415 3092 sunt
433 3027 513 3110 apud
529 3047 587 3104 pos
609 3027 694 3090 artic.
710 3031 769 3090 372
788 3033 819 3090 et
841 3031 899 3090 374
924 3027 1040 3090 Codicis

51 3116 191 3183 ciuilis.
187 3137 195 3150 ·
212 3125 349 3180 auctores
369 3118 459 3180 etiam
477 3135 549 3179 eum
580 3117 611 3178 S.
634 3118 754 3197 lignor.
779 3115 938 3179 advertunt
964 3117 1041 3179 filios

52 3204 219 3284 debere‚'
212 3223 244 3267 m
257 3224 329 3268 casu
343 3207 539 3288 oppositionis
553 3213 733 3287 parentum
752 3205 972 3287 aliquantulum
987 3223 1037 3267 err

16 3301 205 3386 pectore,
220 3293 318 3358 donec
333 3294 373 3355 illi
389 3294 466 3357 bene
479 3295 698 3357 admoneantur
716 3293 754 3357 de
769 3298 824 3357 suat
838 3294 1038 3376 obligatione,

17 3385 130 3482 jimd
145 3401 200 3464 par
212 3401 295 3462 esse,
311 3384 335 3446 si
351 3383 406 3465 ipsi
428 3383 542 3464 possint
556 3381 641 3445 tacite
654 3389 684 3445 ct
698 3384 761 3446 tutb
775 3383 895 3445 illorum
909 3397 1041 3444 consen·

17 3443 137 3562 {sum
156 3470 312 3550 obtinere,
331 3479 446 3534 utnon
464 3471 700 3534 discedanlsinb
722 3479 882 3554 parentum
901 3469 1040 3534 benedic·

18 3567 162 3631 aione

19 3611 22 3680 l
100 3652 200 3712 abac.
222 3646 289 3712 Non
302 3656 349 3712 est
362 3649 501 3712 illicitum
513 3653 689 3732 parentibus
701 3647 780 3712 lilios
793 3649 884 3713 etiam
905 3651 1039 3715 nondun

967 3900 1184 3945 „„⁴-.u
1219 3865 1236 3888 ¹
