2486 3984
422 243 508 292 tram
529 245 648 292 antuus.
953 233 1006 292 itit

56 370 103 413 roi
113 349 174 414 ord.
185 350 260 412 min.
273 348 351 412 vide
364 349 396 411 S.
411 346 535 428 Liguor.
551 346 615 426 (lib.
631 349 662 424 6,
678 359 713 408 n·
727 347 796 422 116,
811 345 879 411 dub.
898 351 912 412 1
925 354 954 412 et
968 354 1012 427 2),

55 439 161 502 etinfra
173 437 300 502 dicenda
314 435 429 517 (3280).

89 532 169 592 aaut.
185 527 289 602 Quoad
307 524 501 588 Eucharistiae
515 524 817 604 administrationem,
841 546 1013 592 «omnes...

55 641 69 676 i
89 620 263 682 conveniunt
277 615 358 698 qudd
373 616 404 676 in
419 615 596 678 necessitate
609 619 758 690 extrema,
773 616 897 679 absente
917 637 1014 680 sacer·

55 729 68 764 n
87 707 165 782 doe,
184 708 329 770 diaconus
349 706 459 787 poterit
470 711 501 768 et
520 705 671 767 tenebitur
685 706 1016 770 Viaticumministrara

54 817 67 852 n
88 795 178 859 adhuc
190 797 257 859 sine
276 793 526 882 commissione...
540 813 548 871 ;
565 794 716 856 Diaconus
729 803 851 872 autem,
866 795 940 858 dum
956 799 1016 858 Eu-

55 909 67 941 n
88 885 250 948 charistiam
264 884 429 956 ministrat,
444 880 608 948 debetcese
623 883 747 948 indutus
760 884 978 968 superpelliceo
988 891 1016 948 et

56 997 68 1030 i
88 975 155 1038 stota
168 975 375 1038 transversa...

87 1065 181 1128 »Cum
195 1061 394 1126 commissione
406 1061 487 1138 verb,
502 1061 705 1124 communiter
717 1060 824 1126 dicunt
842 1065 943 1142 Suan,
960 1067 1013 1128 Pa-

56 1151 162 1232 riana,
180 1155 224 1217 De
247 1153 350 1233 Lugo,
372 1150 530 1227 Salmant,
555 1157 626 1226 etc,
649 1150 785 1214 sufficere
808 1153 1014 1217 necessitatem

56 1261 218 1324 igrarem,
243 1241 355 1322 nempe
372 1241 443 1302 ciam
464 1239 567 1303 nulius
588 1239 664 1302 adsit
684 1240 841 1320 sacerdos,
861 1243 912 1324 qui
931 1262 1015 1306 com·

54 1331 169 1396 »mode
190 1331 287 1416 possit
306 1329 487 1392 ministrare.
512 1349 528 1388 n
556 1327 651 1406 (Vide
675 1330 707 1392 S.
736 1331 873 1412 Liguon,
903 1331 953 1395 tib.
983 1337 1014 1411 6,

55 1425 171 1502 111137.)

86 1515 167 1576 1103.
193 1533 209 1572 o
229 1509 340 1574 Omnia
352 1507 418 1572 bac
431 1511 502 1571 sunt
517 1526 661 1586 munere,
677 1509 789 1590 quibus
802 1527 885 1573 nunc
897 1511 1014 1576 diaconi

52 1600 256 1683 usurpantur.
283 1599 362 1662 Olim
384 1603 415 1660 et
433 1615 540 1661 curam
564 1598 708 1678 gerebant
727 1597 904 1674 viduarum,
926 1601 1014 1680 virgi-

50 1711 63 1746 i
85 1707 169 1762 num,
185 1689 411 1772 orphanorum,
426 1705 613 1768 pauperum,
635 1694 803 1768 martyrum
825 1689 856 1747 in
881 1690 1016 1751 custodia

51 1778 288 1855 ndetentorum,
319 1777 431 1860 quibus
466 1775 657 1858 potissimbm
688 1775 844 1856 providere
868 1775 1016 1840 debebant

50 1889 62 1922 a
85 1886 119 1930 ne
132 1868 202 1950 quid
216 1868 337 1932 deesset
349 1865 388 1928 ad
401 1864 491 1926 vitam
512 1864 728 1940 necessarium
745 1865 776 1926 in
790 1865 881 1927 vitam
901 1883 1015 1929 mores·

49 1979 62 2012 n
84 1975 139 2038 que
148 1957 249 2040 popuii
261 1954 454 2036 inquirebant
465 2001 473 2032 ,
486 1957 517 2015 et
525 1953 652 2016 crimina
660 1954 809 2036 Episcopo
824 1955 1013 2034 nuntiabant;

49 2069 61 2102 n
85 2045 244 2108 oblationes
259 2043 470 2124 accipiebant,
486 2042 671 2124 nominaque
685 2042 875 2106 offerentium
889 2053 918 2106 et
931 2064 1015 2109 sacra

47 2157 59 2189 n
82 2133 206 2216 dipticha
221 2139 230 2174 ¹
244 2134 278 2196 in
292 2131 420 2196 ccclesia
437 2129 617 2206 recitabant;
634 2131 829 2213 increpabant
843 2141 871 2194 et
883 2135 1014 2218 corrige·

48 2246 60 2278 n
82 2223 148 2286 bant
170 2242 223 2286 eos
247 2221 301 2306 qui
326 2219 440 2302 aliquid
463 2221 494 2281 in
517 2219 643 2282 ecclesia
662 2229 787 2304 agerent
808 2221 888 2303 quod
913 2225 1015 2287 minus

48 2333 59 2368 a
80 2311 182 2376 decere
195 2311 366 2388 videretur;
384 2309 476 2372 finitis
490 2309 630 2390 precibus
652 2311 803 2392 sacrisque
818 2314 961 2392 peractis,
977 2313 1015 2375 ab

49 2423 60 2456 a
81 2403 203 2466 ccclesia
224 2399 381 2464 discedere
392 2397 539 2478 jubebant
552 2398 698 2480 populum
718 2400 770 2480 qui
789 2399 827 2462 ad
839 2419 906 2464 eam
924 2421 1014 2466 venc-

49 2509 61 2548 r
81 2499 122 2553 rat
130 2494 151 2554 ¹.
166 2514 182 2551 n
201 2489 320 2565 Devoti,
336 2488 387 2550 lib.
406 2493 435 2565 1,
449 2487 493 2549 111.
510 2491 540 2563 d,
557 2495 630 2550 sect.
647 2491 677 2564 2,
692 2487 710 2568 ᾖ
723 2493 774 2550 at.

83 2583 164 2644 1706.
182 2577 420 2642 Controvertitur
434 2595 575 2659 quaenam
593 2577 631 2639 sit
644 2578 770 2639 materia
784 2583 812 2638 et
833 2575 927 2640 torma
942 2580 1014 2642 Dia-

50 2673 160 2732 ccnattrs
177 2689 185 2731 :
201 2669 252 2732 alii
272 2667 378 2730 dicunt
400 2683 465 2729 csse
487 2665 583 2729 solam
603 2665 797 2729 traditionem
820 2665 897 2727 Libri
923 2669 1016 2730 Evan-

50 2757 183 2837 qetiorum
206 2775 280 2822 cum
301 2759 355 2820 sud
377 2754 473 2818 torma
489 2773 497 2816 τ
512 2755 640 2837 Accipe,
664 2763 722 2816 etc.
750 2753 806 2816 Atii
824 2753 929 2818 dicunt
950 2775 1015 2821 esse

50 2846 132 2910 solam
142 2847 368 2930 impositionem
380 2863 526 2907 manuum
539 2861 610 2908 cum
620 2843 734 2906 torma:
748 2845 855 2927 Accipe
864 2845 1014 2926 Spiritum

50 2935 176 3000 Scodram
193 2936 236 3000 ud
257 2935 358 2997 robur.
376 2934 433 2996 Alii
456 2934 578 2996 tandem
599 2932 705 2996 dicunt
727 2933 789 2996 duo
809 2933 930 3016 praefata
950 2956 1015 3002 esse

50 3025 192 3088 materiem
206 3023 412 3088 essentialem.
425 3023 500 3087 Vide
514 3023 644 3084 rationes
658 3022 760 3086 allatas
774 3042 829 3105 pro
844 3028 1015 3106 respectivis

50 3113 99 3176 iltis
112 3115 281 3191 sententiis,
291 3131 341 3196 ap.
353 3114 385 3176 S.
400 3113 521 3194 Liguor.
538 3111 600 3192 (tib.
617 3115 654 3188 6,
671 3115 705 3173 n⁰
718 3117 799 3191 tta),
816 3114 867 3196 qui
886 3115 928 3177 sic
941 3135 1013 3179 con-

50 3202 155 3266 cludit:
174 3205 262 3267 «iiis
275 3201 395 3285 positis,
407 3201 475 3266 dico
489 3201 620 3284 primam
634 3204 812 3266 sententiam
826 3221 892 3266 esse
906 3206 1013 3286 proba-

76 3389 83 3416 ·
99 3389 232 3455 idiptieba
252 3393 323 3441 erant
336 3387 392 3440 iibri
409 3387 434 3439 in
449 3387 540 3455 qnibtrs
552 3394 622 3440 erant
633 3389 754 3456 descripta
767 3389 867 3441 nomina
882 3390 1014 3444 viventium

54 3473 63 3504 r
76 3465 97 3508 et
108 3470 260 3514 mortuorum
273 3462 314 3528 qni
323 3461 429 3521 ceteris,
438 3467 481 3512 aut
491 3461 589 3528 generis
603 3461 732 3514 nobilitata
743 3469 786 3514 aut
798 3462 896 3522 virtute,
909 3469 951 3513 aut
963 3465 1015 3531 dig·

31 3587 44 3602 ‚
56 3545 67 3580 r
78 3530 146 3583 nitate
158 3541 313 3600 praestarent.
329 3551 340 3582 i

78 3600 88 3630 ⁸
102 3603 356 3668 metmenhusen,
371 3604 500 3666 Ethniccs,
520 3604 741 3668 cathechumenos,
755 3605 918 3672 penitentes,
930 3612 1012 3673 postea

59 3687 67 3712 ·
81 3673 129 3724 int
141 3677 226 3728 aucei
240 3675 362 3730 Diaconos
375 3675 522 3728 dimittebat.
538 3695 548 3724 ι
