2486 3984
17 3517 20 3630 p

17 3672 24 3711 l

225 195 282 256 loa
441 207 580 255 aaronis
600 205 701 254 rorrns
721 205 802 256 soors
823 203 973 257 oanomor.

222 330 238 370 1
263 305 375 385 bilem,
390 305 554 370 secundam
573 304 820 389 probabiliorem,
835 306 954 368 tertiam
974 304 1078 371 adbuc
1100 307 1198 390 proba·

223 419 239 459 1
264 395 354 460 bilem
366 444 373 474 ,
385 401 415 458 ct
429 395 497 458 ideo
510 395 636 457 omninb
649 396 680 457 in
695 397 777 477 praxi
793 395 980 478 sequendam
994 405 1105 480 utpote
1119 415 1198 480 spec·

224 508 240 548 1
264 493 378 548 tantem
393 485 430 548 ad
442 486 573 548 valorem
587 486 777 548 sacramenti.
792 507 809 546 1

264 577 354 639 Juxta
377 575 509 637 Perrone
531 573 688 653 (Proelect.
712 573 866 657 molem,
886 574 985 638 Troct.
1008 574 1044 640 dc
1070 575 1197 651 Ordine,

225 683 291 747 cap.
309 669 338 738 2,
356 672 388 724 n⁰
403 667 464 743 80),
479 685 495 724 c
509 664 706 726 Diaconatum
720 671 944 728 sacramentum
956 683 1041 745 esse,
1057 682 1198 730 commu·

225 775 241 814 1
267 753 314 815 nis
328 761 358 814 ct
367 759 447 815 certa
460 758 504 815 est
518 752 727 833 theologorum
741 754 898 816 sententio.
912 774 929 813 1

669 924 687 1004 §
707 925 754 986 lll.

571 1055 616 1119 Bc
637 1053 860 1136 Presbyterum.

269 1211 356 1272 1707.
384 1228 399 1266 o
417 1205 658 1288 Presbyteroles,
680 1205 738 1267 cine
755 1205 968 1284 sacerdotium,
983 1207 1131 1284 01101110,
1150 1225 1197 1289 qno

229 1297 419 1379 oconscrtnr
438 1295 529 1356 alicui
545 1295 681 1376 specialis
699 1302 825 1376 potestas
842 1295 1027 1358 consecrandi
1046 1297 1196 1379 Corpnset

229 1410 244 1447 1
269 1385 445 1466 Sanguinem
460 1382 594 1460 coristi,
614 1381 777 1446 absolvendi
794 1384 937 1467 quoqued
953 1386 1084 1467 peccatis
1097 1393 1127 1448 et
1136 1402 1196 1467 poa·¹

229 1498 244 1534 1
269 1473 352 1538 cendi
370 1472 498 1536 subditos
520 1491 603 1554 opere
624 1481 654 1534 et
674 1471 851 1534 doctrinm.»
876 1474 908 1536 S.
932 1473 1074 1556 Lignea,
1099 1473 1149 1537 lib.
1167 1477 1193 1555 6,

235 1577 268 1628 n⁰
282 1567 352 1628 735.

271 1651 476 1718 Sacerdotium
490 1653 580 1714 Novae
593 1648 679 1730 Legis
693 1650 709 1710 l
723 1648 838 1712 Christo
852 1650 909 1713 luit
921 1650 1095 1716 institutum
1111 1652 1193 1736 pridie

231 1743 324 1826 ipsius
338 1743 443 1807 mortis
456 1740 487 1802 in
501 1741 603 1815 Coeno,
619 1739 708 1800 simul
722 1747 985 1803 acsaoramentum
995 1743 1191 1805 Eucherisliae.

232 1833 355 1910 (Concil.
375 1829 523 1907 trident,
545 1845 618 1891 sess.
641 1831 696 1904 22,
719 1847 786 1910 cap.
812 1832 841 1907 l,
857 1846 924 1892 can.
949 1834 979 1904 2,
1004 1837 1035 1893 et
1055 1849 1130 1895 sess.
1151 1833 1190 1901 23,

233 1939 300 2002 cap.
318 1921 347 1995 l,
363 1937 430 1981 cen.
446 1919 489 1996 3.)

273 2012 360 2072 1108.
377 2009 451 2071 Cbm
466 2005 503 2068 de
514 2004 572 2068 lide
582 2005 619 2067 sit
628 2004 771 2068 Ordinem
780 2023 846 2068 esse
856 2011 1192 2089 sacramentum,utpote

235 2097 393 2160 definitum
408 2098 426 2158 b
444 2095 577 2157 Concilio
592 2094 724 2156 Trident.
735 2098 826 2175 (Sess.
842 2098 898 2170 23,
914 2114 982 2158 can.
999 2100 1045 2175 3),
1062 2099 1115 2160 ubi
1129 2094 1192 2158 dici·

234 2192 298 2250 tur:
315 2208 330 2244 a
344 2186 375 2248 Si
389 2185 457 2266 quis
467 2183 574 2246 dixerit
583 2182 741 2250 Ordinem.
754 2183 814 2245 sive
825 2185 946 2246 Sacram
957 2185 1190 2258 Ordinationem,

233 2297 248 2335 1
273 2293 335 2337 non
349 2292 414 2336 esse
428 2275 497 2336 vere
511 2279 541 2336 et
554 2273 674 2354 proprie
684 2280 904 2334 sacramentnm
915 2276 932 2336 b
944 2274 1060 2337 Christo
1075 2275 1190 2338 Domino

234 2385 248 2424 1
273 2363 477 2426 institutum...
493 2361 653 2424 anathema
666 2360 713 2422 sit.
730 2381 745 2419 1
766 2360 842 2423 Illud
857 2361 979 2444 intelligi
995 2365 1101 2426 saltem
1117 2363 1192 2425 debet

233 2451 271 2515 dc
285 2451 470 2522 Sacerdotio,
488 2452 519 2513 in
537 2469 598 2532 quo
616 2467 722 2512 omnes
733 2452 893 2514 convenire
904 2451 1052 2530 videntur,
1063 2461 1149 2536 prout
1160 2449 1190 2511 vi·

234 2541 334 2604 dimus
356 2544 446 2624 suprb
467 2541 590 2621 (l693);
612 2538 738 2621 proinde
758 2538 796 2602 de
816 2538 876 2602 lide
896 2548 941 2602 est
964 2543 1189 2624 Presbyteratum

235 2649 299 2694 csse
313 2637 534 2693 sacramentum
554 2629 694 2706 zribiae,
714 2629 810 2710 inquit
830 2629 943 2692 Bened.
959 2632 1024 2693 lllV
1040 2631 1100 2708 (Oe
1112 2631 1186 2710 Syn,

235 2743 249 2780 1
273 2720 325 2782 lib.
342 2724 376 2796 8,
392 2737 458 2801 cap.
475 2723 511 2794 9,
528 2727 560 2779 n⁰
575 2721 621 2797 1),
637 2735 743 2778 omnes
752 2717 882 2798 theologi
893 2718 1025 2782 inierunt
1034 2718 1094 2782 bde
1105 2717 1188 2780 divini

234 2831 250 2869 1
272 2808 438 2872 tenendum
461 2807 565 2870 saltem
581 2806 799 2869 ordinationem
820 2806 1008 2869 sacerdotum
1022 2825 1088 2871 esse
1101 2819 1187 2870 rerum

235 2921 250 2958 1
274 2905 304 2961 01
318 2897 472 2980 proprium
488 2902 721 2958 sacramentum.
737 2916 752 2952 11

277 2991 366 3052 1109.
389 2989 455 3048 Non
469 2984 660 3047 consentiunt
675 2989 776 3045 mmen
791 2986 853 3046 Db.
870 2984 901 3046 in
915 2985 1096 3067 assignando
1109 2989 1187 3049 male·

236 3077 280 3142 rib
293 3083 323 3139 et
336 3075 433 3138 lorml
444 3073 682 3152 presbyteralis:
695 3073 744 3135 alii
757 3071 861 3136 dicunt
873 3092 944 3136 oum
954 3075 1098 3154 annano
1113 3073 1186 3158 ipsias

237 3164 392 3230 materiam
410 3181 475 3226 esse
490 3162 584 3224 solam
601 3161 792 3224 traditionem
806 3163 1089 3242 instrumentorum
1101 3176 1129 3228 et
1140 3162 1186 3224 lor·

236 3271 318 3317 mam
330 3252 419 3313 verba
433 3251 471 3312 ab
485 3252 632 3333 Episcopo
645 3251 759 3333 prolata
772 3252 803 3311 in
817 3250 874 3313 bllc
887 3250 1061 3316 traditione:
1073 3249 1187 3333 Accipite

234 3349 405 3427 potestatem
418 3339 556 3420 offerendi
565 3387 575 3416 ,
600 3347 700 3415 eto...;
725 3349 755 3402 et
776 3340 902 3420 probent
913 3358 950 3402 ex
967 3343 1091 3404 Decreto
1105 3343 1186 3419 Euge

239 3432 279 3494 nii
294 3432 333 3493 lv
354 3429 392 3492 ad
411 3431 578 3506 Armenes,
593 3429 643 3492 ubi
666 3429 827 3491 asseritur:
848 3451 863 3488 n
881 3427 961 3490 Ordo
983 3427 1186 3512 Presbyteralls

239 3543 254 3581 1
277 3518 403 3582 traditur
421 3537 474 3600 per
488 3519 588 3582 calicis
608 3535 678 3581 cum
692 3518 761 3580 vino
775 3525 805 3580 et
818 3525 933 3600 patene
952 3535 1023 3580 eum
1040 3537 1117 3600 pane
1136 3529 1184 3597 pot

239 3631 254 3668 ι
278 3607 484 3671 rectionem.»
