2534 3996
460 265 542 310 arnan
566 263 680 312 antuus.
1020 251 1076 310 tol

143 403 234 466 atto.
259 401 290 462 l·
305 396 464 460 Sententia
476 403 521 459 est
534 395 771 473 Themistnrum,
784 397 867 480 iusta
884 414 963 478 quos
976 401 1080 460 rotam

104 490 241 554 solemne
256 487 356 550 ditior-t
369 487 387 549 a
400 485 543 565 simplici,
558 485 819 567 quemadmodum
841 485 964 548 donatio
981 484 1080 546 differt

104 580 122 643 a
137 576 351 658 promissione,
366 591 402 638 ac
417 573 542 654 proinde
552 593 588 636 ex
602 574 727 654 ipsamet
741 593 843 638 rerum
858 576 966 637 natura
979 594 986 634 :
998 579 1077 636 atta·
1257 641 1258 654 ,

105 685 189 742 men,
197 666 284 746 juxta
299 663 379 738 illos,
393 663 473 741 licet,
488 665 585 744 posita
598 663 732 738 legitima
747 665 907 727 traditione
923 669 954 726 ct
968 681 1079 744 accep·
1159 717 1163 722 .

104 757 229 832 tatione,
242 759 431 835 sequaturex
443 753 551 815 natura
562 752 605 813 rei
619 753 700 833 qudrl
713 758 817 816 votum
833 754 870 816 sit
883 755 1031 828 solamne,
1041 753 1081 817 ab

104 845 238 907 Ecclesia
247 843 517 927 pendetapponere
526 842 820 906 certasconditiones
830 842 894 905 sine
903 841 1014 924 quibus
1024 859 1080 906 nco

104 933 209 996 validae
226 951 282 996 nro
302 931 443 1012 legitimae
459 930 556 994 forant
570 931 692 994 traditio
706 939 737 994 ct
750 933 916 1014 acceptatio
930 929 1077 1024 praeiatae3

105 1025 211 1105 sicque
221 1024 388 1103 explicatur
402 1020 556 1101 quomodo
568 1021 741 1084 Bonilacius
752 1021 820 1083 Vlll
833 1022 934 1084 dicere
950 1023 1080 1103 potuerit

106 1111 326 1176 soterunitatem
341 1112 400 1171 voti
411 1111 476 1172 sold
492 1113 696 1173 constitutione
709 1111 853 1175 Ecclesiae
871 1113 964 1193 fuisse
979 1115 1080 1175 inven-

104 1213 164 1265 tam
179 1203 264 1282 (Cap.
279 1199 363 1275 Quod
373 1208 480 1274 aotam,
491 1200 526 1261 de
541 1211 601 1260 octo
610 1209 638 1261 at
650 1201 712 1262 uoti
721 1199 875 1282 redempt,
889 1201 919 1264 in
934 1203 993 1284 6⁰).
1008 1203 1081 1266 tide

105 1292 245 1364 Bitluart,
265 1290 306 1350 [tc
322 1289 434 1368 ttettp,
450 1287 571 1349 dissert.
587 1293 618 1360 d,
634 1298 690 1352 art.
707 1291 738 1351 5.

145 1384 234 1442 2471.
251 1385 282 1438 a·
292 1377 444 1439 Sententia
457 1384 539 1439 terret
552 1378 777 1441 solemnitatem
793 1379 852 1442 voti
871 1381 1036 1446 consistere
1050 1384 1080 1445 in

106 1469 237 1551 quddam
248 1467 459 1529 bencdictione
472 1486 525 1532 scu
536 1473 774 1542 consecratione,
787 1492 824 1535 ex
841 1476 903 1554 qua
917 1471 951 1531 fu
967 1481 1000 1534 ut
1015 1491 1081 1535 ma-

107 1557 284 1618 trimonium
296 1556 362 1617 iniri
381 1567 509 1637 nequeat
521 1579 529 1619 :
540 1559 610 1639 quia
627 1577 674 1620 res
690 1563 751 1624 Deo
761 1569 934 1624 consecrata
952 1579 1012 1622 non
1028 1580 1080 1640 po·

109 1645 219 1708 tested
241 1663 313 1708 usus
333 1645 384 1706 tali
399 1649 617 1710 consecrationi
638 1657 845 1731 repugnantes
869 1648 1014 1711 adhiberi.
1040 1649 1081 1712 lta

109 1735 211 1828 plures
220 1733 350 1814 theologi
364 1735 491 1816 antiqui,
508 1738 560 1817 qui
576 1757 636 1800 non
651 1739 880 1818 ratiscxplioaut
893 1755 931 1799 an
943 1756 991 1799 res
1001 1739 1040 1798 ita
1050 1756 1082 1798 se

109 1824 215 1886 haltrat
231 1842 268 1886 ex
291 1826 399 1886 naturd
414 1825 476 1896 rei,
498 1826 580 1906 quod
602 1826 633 1888 iu
654 1827 835 1889 sententiam
858 1825 1082 1889 Themisterum

108 1913 303 1993 aliquomodo
317 1913 479 1991 recideret3
494 1915 540 1975 vel
554 1913 655 1977 solium
668 1934 703 1976 ex
716 1915 968 1979 determinatione
978 1914 1080 1977 Eacle·

108 2001 174 2076 siae,
189 2001 272 2082 qudd
288 2021 347 2062 non
362 2001 493 2064 differret
508 2005 526 2065 a
541 2004 690 2068 sententia
707 2005 857 2087 sequenti.

149 2095 239 2152 2472.
265 2093 296 2155 3·
322 2089 482 2168 Sententia,
508 2112 576 2174 quae
598 2101 644 2156 est
661 2094 740 2174 apud
761 2094 915 2176 theologos
938 2113 1080 2156 commu-

110 2181 179 2242 nior
200 2187 230 2241 et
252 2181 299 2242 cui
328 2179 529 2256 adhaeremus,
552 2190 635 2243 tenet
662 2183 883 2244 solemnitatem
907 2183 964 2246 roti
991 2183 1083 2245 casti-

110 2271 180 2418 ἓιίίε
195 2287 234 2330 ex
245 2270 308 2332 sola
324 2270 463 2332 Ecclesiae
481 2269 732 2334 determinatione
747 2279 779 2334 et
796 2273 948 2335 voluntate
964 2273 1080 2354 dcpen-

133 2375 195 2419 cre.
933 2375 938 2385 ·

111 2483 201 2544 2473.
228 2481 407 2560 Propositio.
424 2509 463 2527 -·
477 2477 659 2542 solemnitas
671 2481 730 2544 voti
754 2480 898 2543 castitatis
915 2481 1027 2562 pendet
1044 2500 1080 2543 ex

154 2570 219 2632 sola
238 2569 491 2632 determinatione
505 2569 658 2633 Ecclesia.

155 2692 276 2753 Probat.
294 2693 379 2754 t⁰Ex
396 2690 539 2752 Decretali
555 2689 639 2768 Quod
648 2697 745 2753 votum
759 2687 981 2752 BonitaciiVlll
994 2688 1086 2750 modd

114 2783 215 2854 citata,
233 2781 281 2842 ulti
298 2781 408 2842 dicitur
424 2798 431 2841 :
450 2801 466 2840 a
487 2783 548 2842 Nos
562 2781 652 2859 igitur
667 2777 855 2840 attendentes
868 2777 950 2859 qudd
964 2781 1022 2840 voti
1036 2796 1087 2839 so·

117 2891 134 2931 a
159 2873 296 2933 lemnitas
315 2889 354 2932 aa
374 2870 440 2933 sold
461 2869 666 2931 constitutione
691 2867 833 2929 Ecclesia
851 2877 891 2930 est
915 2867 1083 2945 inuento...,
1112 2895 1116 2910 ·

119 2983 134 3018 a
157 2959 372 3022 declarandum
387 2960 579 3021 duximus...
591 2955 664 3021 illud
680 2957 780 3020 solum
790 2968 893 3022 votum
905 2957 1015 3019 debere
1026 2959 1084 3020 dici

118 3071 135 3108 n
159 3048 308 3123 solemne,
330 3049 480 3129 quantirm
502 3049 539 3110 ad
562 3055 626 3126 post
650 3055 839 3110 contractum
861 3049 1087 3110 matrimonium

119 3159 136 3196 o
160 3136 364 3198 dirimendum
382 3138 507 3219 (scilicet
523 3145 673 3219 quatenus
689 3136 915 3198 matrimonium
937 3155 996 3198 uon
1019 3147 1088 3198 tan·

120 3248 136 3284 n
161 3227 226 3287 tiam
242 3225 385 3306 impediat
406 3236 569 3308 antequam
591 3226 796 3300 continebatur,
821 3227 872 3287 sed
896 3225 984 3287 etiam
1001 3224 1090 3286 liciat

121 3337 136 3374 n
161 3315 241 3395 quod
267 3317 386 3377 nullum
412 3317 451 3376 sit
470 3317 493 3378 si
515 3314 733 3397 contrahatur),
756 3315 837 3395 quod
860 3313 1089 3376 solemnizatum

121 3427 137 3464 o
163 3403 251 3466 l'uerit
262 3423 315 3484 pcr
325 3405 548 3485 susceptionem
564 3405 645 3468 Sacri
663 3403 795 3478 Ordinis
806 3411 855 3464 aut
868 3421 920 3482 per
932 3403 1093 3465 Prolessio·

121 3517 137 3553 n
164 3510 413 3573 neuroxpressam
424 3493 609 3570 veltacitam,
620 3493 726 3557 iactam
740 3495 826 3556 alicui
836 3493 873 3552 de
887 3492 1092 3572 Religionibus

122 3605 138 3644 o
163 3601 218 3665 per
233 3584 341 3645 Sedem
363 3585 567 3665 Apostolicam
586 3585 767 3665 approbatis.
785 3583 910 3661 Reliqua
928 3583 999 3644 roro
1014 3590 1092 3654 rota,

123 3693 141 3734 a
157 3670 1093 3759 etsiquandoquomatrimouiumimpediantcontrahendum„
