2522 3996
427 282 510 327 crnaa
534 281 651 328 ramus.
878 293 886 308 ·
988 269 1028 330 29

110 375 194 460 desp.
218 381 333 442 Certum
352 388 396 441 est
418 381 600 460 Episcopum
623 397 712 460 posse
734 397 786 441 eos
808 397 961 442 removere
990 379 1029 442 ob

75 466 185 548 eulpam
213 487 354 548 gravem,
383 469 472 530 etiam
501 467 774 547 extrajudicialiter.
803 471 847 528 ln
871 475 972 529 aulem
999 467 1029 529 id

75 556 160 636 possit
172 557 235 618 sine
249 560 348 630 eausa,
363 557 478 619 ridetur
491 557 573 638 qudd
589 575 670 634 non;
686 556 849 618 chimeriea
862 557 943 618 enim
954 563 1030 618 esset

74 651 194 724 potestas
206 665 297 726 quam
310 645 421 708 hahent
439 646 561 728 parochi
586 645 763 708 nominandi
778 645 851 708 iales
868 645 993 707 vicarios
1006 645 1030 706 si

75 733 227 816 Episcopus
240 736 339 796 statim
353 735 463 798 valeret
476 735 543 797 illos
556 736 622 797 sine
635 738 727 798 eausa
740 751 905 796 removere.
921 734 1032 794 Revera

75 829 162 900 potest
175 823 339 906 Episcopus
358 842 498 886 revocare
517 823 796 906 approbationem
816 840 849 884 se
862 821 962 883 datam
977 819 1033 883 hu·

74 909 193 986 iusmodi
208 913 351 989 vicariis,
372 913 425 974 sed
440 911 513 975 illud
541 931 603 975 non
615 911 693 974 vaiet
714 913 780 974 sine
797 913 888 975 eausa
908 909 1034 974 rationa-

76 996 131 1059 bili.
146 999 217 1064 Vide
232 1001 328 1064 Bcuix
339 1000 446 1080 (lesda.

112 1092 193 1151 talu.
216 1092 338 1164 Quaerit.
355 1092 385 1150 3⁰
402 1089 477 1162 Quid
492 1091 530 1152 sit
542 1091 704 1154 dicendum
718 1110 774 1172 pro
787 1090 902 1153 Gallia?

111 1177 194 1259 llesp.
219 1183 396 1260 atempore
409 1179 586 1241 Concordati
609 1183 701 1256 1801,
722 1179 861 1262 Episcopi
877 1179 969 1242 nostri
989 1180 1033 1242 vi·

76 1267 162 1328 earios
174 1286 383 1349 quoscumque
397 1268 451 1330 soli
468 1269 625 1330 nominant
643 1277 673 1331 et
686 1275 843 1345 revocant3
864 1276 892 1331 el
906 1268 963 1331 hoc
976 1269 1036 1331 exl-

77 1373 138 1433 gere
151 1357 263 1420 ridetur
280 1358 394 1419 henum
409 1357 562 1438 religionis
575 1355 656 1442 apud
670 1377 744 1420 nos:
760 1359 889 1431 etenim,
906 1377 975 1422 cum
991 1366 1035 1420 sat

77 1463 142 1506 rarae
162 1447 219 1508 siat
242 1447 415 1508 vocationes
437 1447 475 1507 ad
495 1452 605 1508 statum
627 1447 861 1510 ecclesiasticum
877 1448 906 1508 in
926 1448 1032 1521 Gallia,

77 1545 213 1610 cognatm
227 1537 322 1598 nostri
336 1535 483 1598 Praesules
497 1535 622 1597 ciericos
640 1537 754 1616 absque
767 1536 938 1618 patrimonii
952 1537 1035 1598 titulo

77 1623 222 1700 ordinare;
245 1634 278 1688 et
300 1626 372 1687 clun
394 1624 536 1698 aliunde,
561 1625 643 1686 nulla
666 1623 728 1684 lerh
750 1625 878 1685 existant
892 1624 1035 1686 herrestein

78 1721 172 1788 prater
187 1714 346 1796 parochias
359 1713 470 1794 quibus
484 1713 596 1794 praefici
618 1731 678 1774 non
701 1712 789 1774 decet
808 1712 976 1791 sacerdotes
990 1732 1036 1774 re-

77 1811 168 1862 center
180 1803 351 1873 ordinatos,
368 1820 490 1864 neeesse
504 1809 548 1864 est
562 1808 596 1864 ut
611 1801 674 1877 isti,
690 1809 833 1882 tanquam
848 1801 966 1877 vicarii,
989 1801 1037 1865 ali·

77 1890 137 1952 cahi
151 1891 334 1973 deputentur
350 1909 357 1951 ε
374 1890 426 1952 sed
448 1889 484 1952 ad
507 1889 564 1952 hoc
582 1891 761 1972 requiritur,
784 1896 815 1954 ut
835 1896 934 1970 patet,
956 1891 1038 1974 qudd

78 1979 204 2061 Episcopi
227 1981 348 2042 valeant
359 1980 483 2042 vicarios
497 1980 654 2041 nominare
668 1980 866 2042 etdestituere
882 2003 889 2042 :
905 1981 1037 2063 alioquin

78 2068 168 2146 pilares
181 2068 354 2132 sacerdotes
367 2071 385 2130 'a
399 2068 535 2150 parochis
557 2069 768 2146 rejicerentur,
790 2088 846 2131 nec
860 2079 960 2151 posset
973 2091 1039 2154 pro

77 2157 159 2220 rideri
173 2177 282 2221 eorum
297 2157 434 2220 carinium
454 2157 672 2220 sustentationi.
696 2159 843 2221 Caeterlam
863 2163 961 2241 praxis
976 2161 1039 2224 haec
1107 2217 1110 2223 .

79 2247 190 2322 llornae,
206 2265 278 2328 quae
292 2253 394 2307 tamen
418 2247 499 2315 silet,
519 2265 580 2308 non
604 2248 777 2328 ignoratur,
801 2267 859 2310 nec
874 2249 928 2330 ipsi
950 2250 1039 2313 etiam

78 2335 232 2419 reclamant
246 2334 386 2417 parochi,
401 2335 514 2416 optima
533 2335 730 2416 intelligentes
744 2355 845 2399 rerum
859 2338 1038 2401 ecclesiasti·

78 2426 171 2486 carhm
185 2425 268 2506 apud
289 2441 345 2486 nos
359 2425 511 2504 angustias
529 2431 558 2486 et
578 2425 767 2506 indigentias.
785 2425 859 2488 Vide
874 2428 980 2502 Bouix,
997 2427 1040 2490 De
1074 2462 1079 2474 ·

80 2511 195 2575 Paralia
217 2516 260 2594 (p.
283 2515 364 2590 659).
384 2513 469 2574 Circa
482 2513 559 2574 hanc
577 2515 775 2595 quaestionem
790 2515 904 2578 harere
926 2516 1041 2580 videtur

81 2603 183 2664 amtor
196 2601 425 2678 Analectorum,
441 2607 492 2664 t5⁶
506 2602 569 2678 liu,
586 2615 619 2664 n⁰
634 2608 707 2676 125,
725 2603 782 2666 eol.
798 2608 867 2667 899.

456 2773 610 2831 runcum
626 2774 658 2831 11.

245 2917 283 2962 na
302 2917 374 2962 rann
395 2916 520 2962 raaoem
546 2869 641 2968 cuono
661 2913 867 2963 sacmunrtrr.

115 3050 201 3112 ldlh.
225 3049 282 3110 Jus
296 3046 408 3110 hahent
420 3048 541 3130 parochi
557 3048 644 3130 plura
657 3057 842 3113 sacramenta
855 3051 1043 3135 parochianis

80 3135 136 3197 anis
147 3133 325 3198 conterendi
342 3154 349 3196 :
368 3137 553 3218 Baptismum
567 3137 719 3214 videlieet,
734 3139 967 3218 Eucharistiam‚
982 3147 1044 3207 Poe·

81 3224 250 3298 nitentiam,
267 3226 655 3304 Extrernarrr·Unctionem,
673 3235 703 3290 et
717 3229 942 3292 Matrimonium
956 3229 1044 3296 bene-

80 3310 215 3374 dicendi:
235 3319 291 3376 hcc
305 3321 388 3376 extra
399 3317 633 3377 controversiam
647 3324 706 3393 est;
721 3317 774 3379 sed
793 3336 847 3398 pro
861 3319 943 3398 praxi
959 3321 1044 3400 plara

83 3397 126 3462 hle
137 3409 210 3463 sant
230 3402 381 3482 sigillatim
395 3403 593 3484 explicanda,
609 3423 677 3486 quaa
695 3414 728 3467 ut
742 3404 820 3468 benh
842 3405 1045 3486 intelligantur

83 3489 217 3639 pppdam
240 3493 376 3554 ncliones
397 3499 468 3554 sunt
488 3493 704 3573 praemittenda
724 3493 803 3556 cirea
824 3493 1003 3556 damiatam
1017 3507 1046 3559 et

136 3580 297 3641 elationem.

120 3671 207 3730 rata.
231 3669 274 3730 Ex
288 3667 427 3734 fidelibus
443 3671 496 3752 qui
510 3677 581 3732 sant
595 3671 674 3732 intra
688 3669 861 3749 parochiam
874 3689 881 3727 :
894 3677 924 3794 l:
935 3669 983 3728 alii
998 3669 1046 3727 lm

892 3766 904 3822 Ι
926 3765 955 3792 .-
