2550 3992
195 249 254 312 obt
413 264 551 314 uaauaut
570 265 671 315 conus
691 264 774 315 aunis
795 264 943 314 canonica.

236 371 325 431 3188.
340 367 462 442 Ouaerit.
474 371 506 432 3⁰
522 373 568 430 Αιι
583 376 666 432 extra
679 385 785 432 casum
799 367 985 432 necessitatis
1001 365 1126 430 licitum
1139 367 1179 432 sit

196 455 279 522 domi
294 458 442 540 baptizare
457 457 604 520 infantes?

237 547 326 628 Resp.
343 547 504 628 Negative,
523 555 554 609 et
566 547 632 609 talis
651 545 793 630 Baptismi
808 545 928 610 collatio
946 549 994 610 est
1011 551 1178 629 peccatum

199 637 342 713 mortale,
363 636 419 698 nisi
442 643 549 717 agatur
568 634 607 700 de
629 635 730 697 liberis
751 643 804 698 aut
830 636 896 698 aliis
919 634 1177 698 descendentibus

199 727 315 806 Regum
325 725 370 787 tel
381 726 567 808 Principum,
578 725 629 807 qui
640 725 814 788 solemniter
824 723 1021 788 debenttunc
1032 725 1176 807 baptizari

200 833 232 876 ιιι
259 813 320 876 suis
349 815 471 896 capellis
499 831 569 877 oum
599 814 789 876 &rameniis
815 814 989 875 consuetis:
1018 813 1093 894 quia
1121 813 1179 876 itte

201 904 390 966 caeremoniae
410 903 507 964 omitti
530 921 590 964 non
605 910 731 984 possunt
754 901 811 963 nisi
827 903 858 963 in
880 920 953 963 casu
976 902 1176 964 necesitate.

205 992 275 1054 Vide
285 993 582 1054 ClementProesenti
589 1039 595 1062 ‚
607 991 642 1053 de
652 992 818 1072 draptiaco:
828 996 858 1052 et
869 990 989 1052 Rituute
1001 991 1175 1061 llomunum,

202 1079 235 1142 dc
250 1081 309 1141 loco
320 1079 549 1142 administrandi
563 1080 931 1162 duplicitatem-Nomine
946 1086 1049 1142 autem
1061 1081 1178 1142 Princi-

202 1186 293 1249 pum,
317 1167 502 1249 probabilius
523 1169 649 1250 intelligi
678 1187 741 1232 nou
770 1168 881 1231 debent
902 1171 1060 1250 Magnetes
1086 1171 1179 1231 etiam

202 1255 398 1338 temporalem
413 1257 653 1337 jurisdictionem
675 1258 838 1331 imitentes,
854 1255 905 1318 sed
927 1257 946 1318 ii
967 1257 1115 1320 duntaxat
1128 1258 1180 1339 qui

203 1345 368 1408 absolutam
378 1365 431 1409 seu
447 1347 821 1429 independentemhabent
833 1347 1053 1409 auctoritatem.

243 1437 332 1498 3289.
352 1459 367 1495 o
382 1438 513 1519 Layman
529 1439 610 1515 (cam
625 1436 702 1515 aliis)
717 1444 819 1498 censet
832 1435 960 1517 graviter
974 1455 1103 1517 peccare
1113 1439 1181 1500 Ma-

205 1531 348 1604 agnates
374 1527 427 1608 qui
452 1533 535 1588 extra
563 1525 771 1588 necessitatem
792 1525 907 1588 iaciunt
929 1525 1007 1586 lilios
1037 1527 1182 1608 baptimi

205 1634 221 1672 n
244 1613 325 1675 domi
340 1615 396 1694 ivel
411 1615 501 1676 ctiam
522 1616 552 1677 in
568 1615 693 1677 ecclesia
712 1615 912 1697 privatim...),
928 1619 962 1677 ut
978 1613 1091 1678 deinde
1108 1635 1182 1679 cum

204 1709 356 1786 »pompat
377 1706 566 1766 caeremoniae
592 1704 787 1785 perficiantur
813 1703 843 1764 in
871 1703 997 1766 ecclesia
1019 1715 1181 1786 postquam

205 1813 220 1852 a
245 1793 419 1854 advenerint
430 1793 552 1875 patrini,
565 1793 617 1873 qui
629 1791 782 1874 equidem,
797 1791 905 1855 collato
915 1794 979 1870 jam
993 1801 1083 1855 antea
1098 1795 1181 1876 Bap-

206 1903 221 1942 n
245 1882 353 1958 tismo,
370 1901 426 1944 nec
441 1882 548 1962 patrini
566 1881 748 1944 efficiuntur.
765 1882 818 1943 His
836 1890 937 1943 tamen
957 1900 1019 1942 non
1035 1882 1176 1944 obstanti

198 1993 221 2054 ι)
247 1970 303 2031 bus
314 1980 387 2052 puto
406 1973 523 2052 (inquit
538 1973 569 2033 S.
591 1972 731 2052 Liguor.)
745 1969 822 2054 qudd
833 1969 885 2032 ubi
906 1969 1074 2032 introductu
1086 1971 1178 2053 faerit
1263 2037 1264 2042 1

206 2081 222 2119 a
246 2059 416 2120 consteettido
429 2060 508 2120 dorni
523 2057 695 2142 baptizandi
707 2061 786 2142 filios
804 2061 985 2141 Mupnotam,
996 2060 1061 2142 ipsu
1074 2071 1183 2124 tuaest

206 2169 222 2207 r
246 2147 339 2226 focile
349 2149 550 2228 itnprodunda,
562 2151 642 2212 ulait
653 2149 760 2236 Croixn
771 2148 845 2226 (Lib.
853 2155 883 2220 6,
896 2155 950 2214 ιι·1
961 2152 1015 2224 18,
1026 2158 1088 2210 not.
1102 2153 1150 2229 ΙΙΙ)
1159 2157 1181 2214 ¹.

206 2239 272 2316 lpse
288 2236 469 2298 Benedictus
488 2239 554 2298 XlV
578 2239 669 2319 (last.
693 2243 732 2302 98
743 2237 754 2316 ,’
774 2257 807 2299 no
828 2241 893 2318 l3),
910 2238 995 2318 iuxta
1017 2239 1183 2320 Laqueus,

208 2331 241 2386 n⁰
255 2327 334 2398 tto,
351 2325 493 2406 supponit
503 2327 638 2389 excusari
653 2346 704 2390 eos
718 2327 770 2410 qui
783 2327 821 2389 ab
835 2329 983 2410 Episcopo
996 2347 1051 2390 seu
1066 2329 1185 2392 Vicario

208 2413 344 2476 Generali
355 2412 523 2477 facultatem
532 2415 740 2492 obtinuerunt,
751 2425 785 2479 ut
796 2416 1053 2498 Baptismusdomi
1067 2417 1186 2482 confer

207 2510 288 2566 retur
301 2505 338 2565 ed
351 2503 432 2586 qudd
447 2511 620 2586 expectetur
634 2509 678 2567 vic
691 2506 836 2587 dignitate
851 2505 897 2567 vel
915 2523 1028 2586 genera
1047 2507 1183 2586 illustris,

208 2593 258 2675 qui
270 2592 845 2675 patrinimunereiungatur.i'ideetiam
853 2595 948 2656 Herdt
959 2595 1072 2674 [Sacroe
1082 2596 1186 2657 Licur-

207 2683 279 2762 pioe‚
295 2700 363 2764 pars
377 2687 413 2762 6,
431 2693 463 2745 n⁰
477 2685 519 2764 9),
540 2683 591 2764 qui
612 2690 695 2766 putat
712 2683 897 2765 baptismum
915 2701 1004 2765 posse
1017 2686 1183 2765 separarit

208 2771 270 2832 auis
282 2772 470 2834 caeremoniis
486 2790 558 2834 cum
575 2776 666 2833 causa
679 2771 718 2833 ab
733 2772 881 2854 Episcopo
895 2772 1031 2854 probam.

248 2871 336 2930 3290.
353 2870 489 2932 Pontifex
512 2875 613 2932 tamen
634 2877 735 2932 noster
754 2870 824 2932 Pius
844 2871 884 2932 tx
905 2869 1073 2934 concedere
1087 2873 1182 2936 noluit

209 2957 270 3016 Dii.
286 2957 464 3020 Chatrousse
478 2961 626 3040 Episcopo
639 2959 844 3021 valentinensi
858 2966 893 3020 ut
905 2960 1092 3040 permitteret
1103 2981 1184 3044 prae-

209 3042 300 3106 satam
318 3049 554 3126 separationem3
569 3052 600 3109 et
613 3047 780 3108 Concilium
795 3047 1005 3110 avenionense
1019 3049 1092 3111 anni
1107 3053 1184 3114 tata

210 3139 312 3196 monet
329 3135 492 3215 Episcopus
505 3144 538 3197 ut
557 3153 619 3197 non
637 3135 723 3198 tacite
743 3135 800 3198 boc
821 3136 996 3217 permittant
1007 3139 1050 3220 (p.
1072 3142 1136 3216 δὴ,
1148 3175 1183 3186 -

210 3223 336 3284 Obteott
352 3223 423 3284 verb
442 3222 560 3286 licentia
582 3224 639 3287 boc
653 3224 799 3301 faciendi,
821 3242 884 3286 non
904 3223 1022 3286 videtur
1046 3227 1133 3310 quod
1148 3229 1186 3290 sit

210 3311 350 3390 obligatio
367 3309 419 3372 aab
436 3313 522 3394 provi
540 3311 738 3394 procurandi,
759 3319 792 3375 ut
812 3312 842 3374 in
863 3312 990 3375 ecclesia
1012 3315 1185 3401 Baptismus

210 3398 444 3478 administretur,
457 3399 606 3462 licetidsit
620 3401 879 3482 decentius-til.
892 3399 1012 3484 Consta.
1024 3401 1183 3488 delapsas,

211 3490 285 3547 tom.
301 3491 331 3562 7,
346 3505 378 3568 p.
396 3491 464 3566 tat,
479 3488 550 3550 odit.
568 3491 669 3569 1830.)

240 3662 249 3692 ⁸
267 3660 343 3714 Porro
355 3664 569 3717 hacconsuetudo
578 3666 644 3731 viget
655 3667 681 3718 iu
694 3671 778 3722 multia
790 3671 873 3725 Gallia
886 3671 1039 3726 diambus
