2522 4028
432 173 519 219 arnan
539 171 657 219 rnruos.
976 158 1037 225 20³

114 275 224 336 1827.»
249 273 337 336 Madd
357 278 388 336 Ξ·
406 273 532 336 clericus
555 271 711 335 medeatur
731 273 798 336 sine
819 273 970 338 incisione
989 276 1035 339 vel

78 383 91 418 o
113 361 278 425 adustione:
293 363 445 444 alioquin,
461 365 533 425 cbrn
553 361 582 424 id
597 363 737 444 expresse
750 370 865 426 celebr
877 363 993 428 clericis
1005 365 1035 427 in

78 471 90 508 n
111 451 195 512 saeris
207 452 314 524 triarius
337 451 366 514 id
382 471 443 514 non
467 459 582 514 vetatur
602 450 802 514 beneficiariis
817 453 847 514 in
870 454 961 516 sacris
975 472 1037 518 non

77 561 90 596 r
110 541 279 602 constitutis.
300 542 332 604 S.
355 543 497 623 Liguor.‚
514 540 578 620 ia,
603 550 637 602 n⁰
658 543 728 620 385)
751 549 781 603 et
794 543 965 620 monacbis,
981 545 1037 606 sub

77 649 89 684 n
110 634 192 709 puna
205 629 428 712 irregularitatis
441 633 472 692 in
486 649 552 712 cap.
570 629 773 702 Sententiam,
794 651 830 694 aa
844 631 947 693 clerici
954 681 961 708 ‚
975 632 1037 710 jam

76 739 89 773 r
120 725 180 780 runt
193 719 371 801 irregulares
384 738 408 782 ar
424 739 461 783 ex
474 719 525 781 tali
546 719 693 783 incisione
712 719 758 784 rel
780 719 937 784 adustione
956 740 1038 784 mors

77 827 89 862 r
111 813 282 888 sequatur..;
298 809 323 871 si
335 803 439 872 lamen
448 808 525 871 alius
534 809 647 890 peritus
656 808 744 887 absit,
753 808 832 872 bene
843 811 951 892 poterit
965 817 1038 873 tuno

76 916 89 952 r
109 895 286 960 clericusaut
294 899 463 960 monachus
474 898 539 960 sine
548 903 682 980 peccato,
693 903 723 960 et
735 906 957 979 consequenter
971 900 1037 962 sind

76 1004 89 1040 r
110 985 233 1064 periculo
247 987 483 1068 irregularitatis,
501 987 679 1049 incisionem
690 993 741 1049 aut
748 985 937 1050 adustionem
951 987 1037 1051 adhi-

76 1093 89 1129 r
110 1073 182 1146 bere,
198 1077 443 1138 utcornmuniter
457 1075 566 1138 docent
579 1075 656 1153 Pal,
667 1079 780 1138 Tourn.
794 1123 802 1154 ‚
818 1083 876 1140 etc.
890 1099 906 1136 r

111 1167 189 1227 raas.
211 1165 335 1238 Quaerit.
352 1169 383 1227 Υ
398 1169 445 1227 dn
460 1165 632 1246 irregularis
654 1164 706 1228 liat
723 1165 776 1247 qui
790 1164 842 1229 dat
854 1184 978 1250 operam
992 1167 1036 1232 rei

77 1250 182 1331 illicite,
195 1255 218 1316 si
233 1273 271 1317 ex
285 1258 323 1318 eb
337 1273 419 1318 mors
432 1255 555 1317 alterius
569 1253 738 1336 aequaturi

110 1345 189 1425 Hesp.
212 1344 267 1406 Vel
284 1362 333 1408 res
347 1351 392 1408 est
401 1343 502 1418 illicita
516 1345 587 1426 quia
600 1351 645 1406 est
658 1343 837 1426 periculosa,
853 1344 899 1408 vel
909 1345 976 1408 talis
990 1351 1037 1410 est

77 1430 109 1490 ob
128 1431 210 1496 aliam
235 1451 381 1510 causam;
397 1433 420 1494 si
438 1433 546 1515 priris:
564 1432 675 1514 duplex
695 1440 740 1496 est
758 1434 906 1496 sententia
927 1436 1035 1516 proba·

77 1516 149 1596 bilis;
160 1522 260 1602 primo
272 1521 403 1585 affirmat
412 1541 484 1584 curn
499 1525 585 1584 Suar.
602 1529 633 1583 et
645 1522 711 1583 aliis
722 1540 760 1584 ex
772 1541 839 1603 cap.
861 1522 922 1584 Tuo
936 1544 986 1586 nos
997 1529 1034 1604 9,

77 1607 457 1688 diomedias—secunde,
475 1629 567 1693 quam
582 1610 815 1692 probabiliorem
829 1612 861 1674 S.
880 1612 1037 1693 Lignorius

77 1707 148 1760 rorat
158 1699 253 1777 (idid,
271 1710 307 1762 ῐιο
321 1703 400 1780 387),
415 1699 488 1762 dicit
501 1700 583 1783 qudd
598 1701 621 1761 si
637 1719 714 1782 opus
728 1701 766 1761 sit
780 1700 819 1760 ita
833 1700 1036 1782 periculosum

77 1793 145 1849 uter
162 1806 197 1850 eo
219 1788 396 1870 frequenter
419 1807 501 1851 mors
525 1795 668 1870 sequatur
685 1790 730 1868 (ut
749 1787 910 1852 admovere
934 1789 1037 1871 ignem

77 1871 231 1940 bonarda
246 1879 302 1942 ubi
315 1884 362 1940 est
380 1877 550 1960 frequentia
572 1877 752 1956 hominum,
777 1885 828 1940 aut
848 1897 982 1960 pugnare
1005 1881 1036 1942 in

76 1959 160 2040 bello,
173 1965 267 2048 eto),
284 1973 359 2028 tunc
372 1967 534 2029 incurritur
548 1967 764 2048 irregularitas,
780 1969 918 2048 quamvis
936 1969 1036 2032 omnis
1087 1993 1089 1997 ·

75 2050 233 2118 adhibeatur
246 2055 404 2138 diligentia
417 2075 456 2118 ne
470 2074 553 2118 mors
566 2063 725 2137 sequutum
737 2074 824 2118 secus
837 2056 863 2118 si
877 2075 954 2139 opus
968 2059 1036 2122 rard

75 2140 106 2200 sit
117 2145 213 2207 mortis
226 2143 417 2207 inductivum
426 2153 456 2208 et
469 2145 569 2207 debita
585 2145 740 2226 diligentia
749 2143 946 2208 adhibeatur:
962 2153 1036 2214 tunc

76 2231 145 2292 enim
158 2231 355 2297 homicidium
371 2253 427 2297 nec
441 2235 473 2296 in
487 2253 532 2305 se,
548 2252 605 2296 nec
619 2235 651 2296 in
666 2238 815 2297 causaest
829 2234 964 2298 volitum.

117 2320 292 2386 adtentum
316 2341 382 2407 cap.
412 2323 474 2385 Tua
495 2343 564 2400 nos,
590 2323 641 2385 ubi
673 2323 846 2404 irregularis
868 2323 1036 2390 declaratur

75 2410 236 2486 monachus,
253 2413 324 2474 licet
338 2413 464 2494 peritus,
480 2411 618 2475 incidens
632 2420 786 2494 apostema
799 2413 957 2488 cujusdam
968 2434 1035 2478 mu-

76 2493 217 2581 lierisquae
225 2519 262 2563 ex
273 2505 328 2564 sua
338 2503 454 2564 incuria
464 2509 565 2583 postea
574 2501 711 2573 decessit,
724 2501 923 2581 respondetur
931 2521 1035 2566 oasam

77 2583 149 2733 illum
160 2589 322 2671 specialem
335 2609 401 2654 esse
414 2591 445 2653 in
457 2591 545 2670 jure,
560 2598 590 2654 et
600 2609 662 2654 non
676 2609 741 2654 esse
755 2589 980 2656 extendendum
997 2593 1036 2656 ad

101 2693 147 2738 ros.

109 2765 148 2828 lix
159 2765 215 2832 bac
231 2770 382 2833 sententia
400 2769 534 2834 inferunt
551 2769 671 2833 Salm...
695 2787 767 2833 cum
787 2769 871 2846 aliis,
893 2785 955 2832 non
970 2787 1036 2834 esse

77 2847 257 2935 irregularem
275 2859 421 2922 clericum
444 2861 489 2938 si,
514 2861 580 2942 ipso
603 2865 811 2922 torneamenta
836 2857 881 2921 vel
903 2857 1035 2923 ferarum

77 2944 249 3009 renationem
272 2955 452 3026 exercente,
480 2967 564 3011 mors
593 2947 720 3027 alicujus
740 2949 952 3030 contingeret3
978 2949 1033 3012 nisi

78 3031 483 3178 pggligentiarocommitteret
497 3037 535 3100 ad
545 3037 670 3100 mortale
680 3037 890 3120 pertinentem.
900 3039 942 3116 (S.
956 3040 1033 3120 lig„

87 3125 164 3198 ¹³1,
178 3127 261 3204 38¹1.)

112 3211 191 3274 l829.
214 3215 245 3276 Si
256 3215 421 3296 praeteribo,
437 3215 461 3278 si
474 3235 523 3278 res
535 3235 646 3299 nempe
660 3235 722 3279 non
736 3220 782 3278 est
795 3216 897 3279 illicita
907 3217 980 3298 quia
990 3221 1035 3278 est

79 3299 247 3378 periculosa,
262 3304 313 3365 sed
328 3305 368 3366 ob
381 3305 470 3368 aliam
484 3324 607 3368 eausam
626 3325 633 3366 :
649 3315 722 3369 tuno
735 3306 787 3387 qui
803 3308 845 3368 rei
861 3305 1034 3383 hujusmodi

79 3393 437 3475 racat‚peccatquidem;
457 3395 510 3457 sed
529 3397 614 3474 iuxta
635 3413 830 3458 communem
854 3394 1033 3456 sententiam

81 3481 131 3568 non
143 3477 267 3544 incurrit
285 3483 554 3564 irregularitatem,
574 3483 666 3546 modo
688 3483 887 3545 subicientem
909 3482 1034 3562 diligen·

80 3565 140 3625 tran
151 3567 335 3634 adhibuerit:
348 3589 377 3634 r.
390 3591 434 3655 g„
449 3572 474 3635 si
487 3571 638 3656 dumquis
651 3571 740 3636 caedit
748 3571 888 3635 arborem
898 3571 929 3633 in
939 3571 1032 3644 faudo
