2528 3996
192 263 252 332 580
410 283 546 330 nanuum
566 283 667 329 rorrue
686 278 769 328 runis
789 277 940 328 canonici.

192 409 207 444 u
233 386 296 468 gari
310 403 397 468 posse
407 385 537 464 aliquem
548 403 583 446 ex
593 385 620 446 vi
632 383 690 446 voli
699 389 731 446 ul
740 381 994 463 serretregulum.
1007 381 1173 444 etiamsi...

192 498 208 534 o
232 475 270 538 ab
284 475 348 538 aliis
364 493 424 536 non
438 482 621 549 serretur...;
639 473 694 534 alii
710 479 815 535 tenent
828 481 899 534 ante
918 469 1175 532 reformationem

194 587 208 623 a
235 583 295 625 uon
319 581 407 645 posse
425 564 556 644 aliquem
574 562 640 642 cogi
656 561 692 624 ad
707 560 884 624 servandam
899 559 1052 641 regulam,
1068 559 1177 639 quoad

194 675 209 712 r
233 653 315 714 illam
325 659 440 733 partem
452 652 482 713 in
494 649 1052 733 qutillamrelaxalaminuenit3posse
1066 655 1180 710 tamen

195 765 209 801 r
234 742 272 803 ab
295 742 422 822 ipsamet
440 739 596 822 Religione
615 739 654 803 ad
677 740 809 820 priorem
832 737 960 800 formam
984 737 1123 814 restitui;
1151 745 1181 800 el

196 853 210 889 r
235 837 344 892 lunc...
358 848 444 910 posse
457 828 582 910 obligari
592 827 795 910 quemlibet...
812 835 937 890 antea...
948 825 1129 907 professum
1140 827 1178 888 ad

196 944 212 978 n
235 919 392 1001 primitiare
406 918 518 998 regulae
533 918 770 979 obseruationem
788 936 797 978 r
812 918 895 997 prior
909 934 978 997 pars
992 913 1087 994 huius
1105 935 1177 978 sen-

197 1033 211 1067 r
235 1009 334 1069 tentiae
348 1007 540 1068 eommunis...
555 1007 654 1068 Tertia
669 1009 739 1069 rerd
753 1003 900 1068 sententia
913 1021 978 1066 esse
993 1011 1097 1084 polest
1107 1006 1180 1068 sinr-

197 1121 211 1154 u
236 1096 350 1176 pliciter
358 1114 471 1176 negans
479 1094 746 1176 possereligiosum
754 1093 878 1174 obligari
886 1091 1179 1158 adobservaliouem

198 1209 212 1242 r
236 1185 275 1245 de
291 1184 501 1247 reformatione
518 1185 675 1266 primitius
685 1183 796 1265 regulae
809 1180 1035 1264 acceptandam,
1045 1184 1181 1262 quando

199 1295 213 1330 u
238 1273 348 1336 invonit
360 1290 427 1334 eam
441 1274 603 1335 relaxatam
617 1291 671 1354 per
680 1271 930 1335 consuetudinem
946 1276 1179 1352 prescriptam,

199 1385 213 1431 u
238 1363 308 1443 quia
322 1381 382 1424 non
398 1370 496 1444 potest
507 1361 633 1443 obligari
655 1361 693 1424 ad
715 1361 789 1424 illud
805 1358 987 1424 serrandum
1004 1359 1092 1441 quod
1110 1381 1179 1444 pro·

198 1473 214 1510 r
239 1451 335 1513 lessus
349 1471 409 1512 nun
424 1459 478 1514 est.
495 1474 511 1510 u

239 1543 328 1603 3033.
351 1541 404 1602 llis
426 1541 456 1602 ln
479 1545 669 1603 antecessum
687 1538 867 1622 ommissis,
887 1539 932 1602 sic
946 1537 1032 1600 nobis
1052 1537 1180 1604 videtur
1255 1617 1256 1622 ἵ

199 1629 340 1692 solvende
353 1629 503 1712 proposita
516 1629 642 1710 quaeslio
658 1649 666 1690 ι
682 1629 726 1690 rel
746 1627 918 1690 reformatio
932 1628 966 1690 llt
979 1645 1032 1710 per
1045 1628 1178 1710 Capilu-
1255 1631 1256 1644 ³

201 1719 262 1782 lum
278 1719 418 1801 generale
428 1719 490 1798 (jus
503 1719 585 1779 enim
600 1717 672 1780 illud
682 1717 789 1796 habet,
804 1717 894 1780 eliam
908 1717 939 1779 ln
954 1735 1025 1779 casu
1039 1735 1108 1797 quo
1118 1719 1178 1780 mi-

200 1809 303 1890 ligatio
325 1815 445 1890 peracta
467 1807 523 1870 full
544 1808 719 1870 auctoritato
741 1809 773 1869 S.
794 1805 880 1870 Sedis
895 1825 904 1868 z
919 1805 1031 1889 quippe
1052 1805 1081 1866 ei
1107 1807 1179 1870 licet

201 1897 346 1960 beneflcio
360 1896 462 1960 Ordini
483 1915 626 1958 concesso
645 1897 846 1974 renuntiare);
862 1895 908 1958 vel
924 1913 977 1976 per
990 1897 1021 1957 S.
1043 1895 1178 1956 Ponlill-

201 2005 283 2063 cem3
299 1986 370 2048 ilem
385 1986 430 2048 rel
453 1985 597 2066 mitigatio
615 1984 784 2048 introducta
802 1985 898 2048 fuerat
917 2001 971 2066 per
984 1983 1015 2046 S.
1038 1984 1175 2062 Sedetn,

200 2075 245 2137 vel
259 2093 311 2156 per
325 2075 488 2156 legitimam
501 2074 763 2136 consuetudinem.
1257 2079 1258 2092 ¹

240 2165 334 2225 Porro
357 2164 381 2225 si
404 2163 550 2243 mitigatio
573 2161 694 2224 inducta
716 2161 805 2226 fuerit
835 2181 889 2244 per
915 2163 1176 2246 dispensationem

202 2253 232 2315 S.
250 2252 334 2314 Sedis
347 2259 377 2313 et
390 2250 560 2313 reformatio
574 2251 626 2314 frat
639 2254 656 2314 d
671 2253 806 2334 Capitulo
821 2253 978 2328 Generali‚
994 2253 1019 2316 is
1032 2254 1085 2334 qui
1105 2265 1183 2320 ante·

201 2339 443 2404 reformationem
456 2339 605 2423 professus
619 2349 674 2416 est,
690 2342 726 2404 ad
736 2360 803 2404 eam
818 2340 993 2404 servandam
1007 2359 1068 2402 nou
1084 2349 1177 2406 tene-

201 2436 270 2506 tur,
285 2430 341 2492 nisi
352 2429 523 2492 reformatio
532 2431 599 2492 talis
610 2430 646 2491 sit
657 2439 689 2492 ut
699 2429 843 2493 indirecte
853 2429 910 2492 sub
919 2430 1022 2512 regulo
1036 2431 1177 2513 mitigata

202 2520 492 2602 roruprehendalur3
520 2537 607 2582 secus
629 2518 654 2580 sl
677 2519 822 2600 mitigatio
845 2517 965 2581 inducta
991 2519 1098 2581 fuisset
1122 2541 1180 2602 per

203 2609 451 2672 consuetudinem
467 2627 475 2670 :
491 2615 564 2670 tunc
577 2607 659 2670 enirn
682 2607 862 2688 repuleriter
874 2607 1012 2690 loquendo
1026 2608 1079 2688 qui
1103 2621 1181 2676 ante

203 2699 446 2762 reformationem
460 2697 610 2780 professus
620 2703 681 2771 est,
698 2699 755 2759 nisi
771 2697 972 2772 contrarium,
987 2697 1180 2779 profitendo,

202 2790 342 2869 expresse
363 2787 560 2863 declarasset,
587 2785 711 2867 obligari
743 2793 840 2869 potest
863 2785 901 2848 ad
926 2785 1184 2852 reformationem

203 2874 435 2954 observandam,
450 2876 520 2957 quia
530 2875 562 2936 in
576 2877 631 2937 sut
645 2873 829 2957 professione
842 2882 982 2938 censetur
995 2874 1131 2938 voluisse
1146 2897 1185 2942 sa

203 2962 336 3044 obligare
355 2964 392 3026 ed
413 2963 596 3028 observanda
618 2970 727 3026 slatula
744 2963 870 3046 Capituli
890 2962 1038 3046 generalis
1060 2963 1186 3044 quillus

204 3053 312 3114 melius
323 3055 474 3134 procurari
489 3055 596 3136 poterit
605 3052 673 3116 finis
683 3055 701 3115 a
712 3053 1084 3135 Religioneintentusmui
1099 3061 1187 3120 sanc

205 3141 312 3203 melilrs
326 3143 478 3223 procurari
501 3149 598 3225 potest
616 3160 669 3223 per
692 3142 821 3206 reditum
836 3143 873 3206 ad
888 3141 1067 3225 primitivam
1082 3160 1186 3226 regu-

204 3228 275 3306 lam;
285 3230 341 3292 hoc
348 3247 451 3293 rerum
459 3232 670 3312 estpraasertlm
679 3231 702 3294 sl
711 3231 1029 3314 reformatioappareat
1037 3230 1187 3298 medium

205 3319 404 3382 necessarium
418 3319 455 3380 ad
469 3319 588 3382 Ordinis
602 3321 875 3392 conservationem,
891 3337 1000 3402 nempe
1014 3319 1038 3382 si
1053 3324 1190 3401 paucis·

204 3408 272 3472 almi
285 3407 324 3470 ad
338 3407 551 3490 perlectionem
562 3409 732 3492 religiosam
747 3409 902 3494 peruenire
916 3409 1072 3483 studeant,
1087 3411 1140 3471 vel
1161 3414 1190 3476 si

204 3515 274 3559 cum
287 3497 420 3559 seandalo
441 3498 631 3560 saecularium
649 3501 765 3576 vivant,
789 3499 830 3562 ila
851 3507 884 3563 ul
903 3497 1055 3582 expediret
1073 3503 1193 3580 polius

205 3585 390 3666 Religionem
399 3586 518 3649 dissolri
528 3589 620 3668 uuam
630 3588 670 3650 ita
683 3589 853 3652 continuari
866 3590 909 3664 (S.
925 3589 1060 3669 liguor„
1076 3586 1137 3650 lib.
1153 3597 1191 3670 d,

206 3681 239 3736 n⁰
251 3677 312 3758 lt).
328 3676 531 3760 Excipiendus
539 3695 605 3740 esse
618 3684 720 3740 tamen
729 3677 846 3742 uidetur
858 3695 946 3744 casus
958 3695 1021 3760 quo
1034 3695 1089 3759 per
1103 3695 1194 3745 con·
