2522 3992
488 334 573 381 LIBER
595 333 701 378 l’lllblllS

491 493 644 555 runctbtt
662 493 704 555 u.

210 637 248 684 nr
269 637 377 683 neurru
398 637 430 682 tn
451 637 508 691 ouo
529 635 703 683 notrrnrus
724 637 998 685 muneraturus.

162 781 251 840 2663.
276 776 460 858 Regulnriter
476 774 638 837 Novitiatus
653 776 754 856 peragi
769 775 858 838 debet
871 775 902 837 in
916 773 1020 837 habitu
1032 777 1090 837 lle-

123 866 243 950 ligionis
268 883 360 946 quem
384 863 513 927 novitius
534 863 665 944 profiteri
689 863 827 926 intendit.
853 863 927 926 Vide
948 881 1015 945 cap.
1044 863 1094 926 Ad

126 959 240 1038 Aput,
256 962 286 1016 et
298 973 363 1036 cap.
378 953 476 1035 Super
489 952 573 1027 eo,dc
589 953 793 1034 Requloribus.
811 955 846 1014 Et
859 951 918 1014 hoc
931 952 1093 1034 requiritur

119 1046 213 1132 ⁸etiarn
228 1043 283 1106 sub
298 1048 386 1124 poena
399 1043 556 1114 nullitatis.
568 1042 653 1120 juxta
665 1043 696 1103 S.
709 1043 819 1122 Congr.
832 1042 933 1122 Episc.
945 1048 975 1104 et
984 1041 1089 1123 llegul.

124 1133 285 1214 (FerrariS,
301 1147 328 1195 r⁰
342 1131 488 1204 Habitus,
507 1149 540 1190 n⁰
553 1134 595 1210 3.)

163 1225 250 1284 anot.
276 1224 320 1283 Ex
336 1221 451 1283 statutis
466 1228 565 1281 tarnen
581 1219 808 1302 particularibus
822 1219 1024 1300 quorumdem
1037 1219 1093 1281 Or·

125 1310 248 1386 6116616,
270 1310 317 1371 uel
340 1309 517 1371 subsistente
538 1311 645 1378 66661,
668 1309 700 1369 16
724 1306 828 1368 habitu
843 1307 977 1368 saeculeri
994 1309 1096 1390 peragi

125 1405 221 1480 potest
234 1401 312 1480 (cap.
331 1399 521 1469 Porrecturn,
538 1396 571 1458 de
595 1397 751 1478 nequior„
775 1402 804 1457 et
823 1415 889 1478 cap.
907 1395 1085 1477 061616916-

127 1488 286 1560 utentibus,
302 1487 335 1548 de
353 1485 379 1549 Τ
376 1485 563 1563 ostentantis).
579 1485 799 1547 Constatetiant
812 1503 849 1546 ex
866 1485 981 1565 Anglinr
995 1491 1023 1546 et
1042 1487 1094 1546 lli-

128 1574 240 1638 bernite
262 1595 337 1652 usu,
358 1575 476 1637 sarculis
499 1574 635 1656 proxime
655 1575 773 1655 clapsis
802 1573 890 1636 Nullo
911 1579 1011 1635 autent
1028 1575 1095 1653 jure

132 1665 329 1745 praescribitur
351 1673 384 1726 ut
406 1663 525 1726 habitus
547 1664 647 1726 novitii
665 1662 781 1726 dillerut
794 1664 812 1725 lt
825 1661 1028 1744 professorum
1043 1663 1095 1723 ha·

131 1754 202 1815 bitu.

167 1846 256 1906 2665.
280 1841 406 1905 Habitus
420 1843 534 1924 imponi
548 1841 636 1904 debet
656 1844 673 1904 a
689 1842 822 1925 legitimo
837 1843 1017 1923 superiore:
1033 1841 1097 1922 ipse

128 1932 211 1994 eninr
226 1931 350 1994 nornine
365 1931 527 2013 Religionis
540 1949 611 1994 cunr
625 1932 735 1994 nouitio
748 1930 896 1994 contrahit
909 1937 939 1992 et
951 1935 1095 2012 acceptet.

130 2020 255 2082 Billuart
269 2029 302 2083 ut
315 2039 421 2102 suprn;
442 2020 533 2082 Bouix
544 2067 551 2094 ‚
562 2019 648 2095 ibid„
664 2041 684 2103 p
708 2023 848 2083 set-583.

168 2109 332 2171 Novitiutus
355 2109 494 2191 incipite
516 2108 565 2172 die
587 2109 785 2192 susceptionis
807 2107 926 2171 habitus
953 2107 1095 2190 religiosi.

129 2198 255 2270 (Bouill,
271 2197 326 2276 ib,
341 2217 372 2279 p.
384 2199 466 2278 666.)

504 2353 658 2412 PUNCTUM
674 2355 726 2412 1111.

149 2491 188 2537 DE
207 2489 451 2538 nlsroslrtornuus
470 2489 535 2542 QUAE
557 2491 575 2535 Α
601 2489 727 2536 novistis
747 2489 827 2534 irunt
848 2488 972 2536 rossum
994 2488 1076 2536 CIRGA

429 2579 484 2626 SUA
505 2579 579 2625 nont
603 2577 800 2624 sauronam.

172 2720 260 2779 2666.
283 2719 328 2778 De
342 2717 378 2779 iis
392 2716 458 2780 haec
471 2717 596 2780 sancivit
609 2713 749 2795 Synodus
761 2713 935 2777 Tridentino
949 2715 1032 2795 (sess.
1048 2721 1098 2794 65,

131 2826 159 2868 6.
177 2809 224 2880 lb,
237 2805 280 2866 Dc
297 2805 504 2886 Repulsi-ibus)
522 2825 529 2866 :
550 2804 697 2866 «Nulla...
710 2803 889 2866 renuntiatio
901 2811 951 2866 sut
960 2804 1101 2887 obligatio

133 2913 148 2953 u
172 2901 259 2956 antee
273 2894 371 2957 lacta¹
386 2896 476 2957 etiam
490 2911 561 2957 curn
575 2894 769 2974 juramento,
783 2892 828 2955 vel
843 2895 875 2954 in
893 2892 1025 2956 favorem
1046 2915 1100 2958 cu-

133 3005 148 3042 6
169 2983 350 3065 juscurnque
364 2984 422 3065 piae
436 3001 553 3055 causae,
575 2983 689 3060 valeat,
714 2983 770 3044 nisi
784 3001 856 3045 cunr
877 2983 993 3046 licentii
1014 2985 1100 3066 Epis·

133 3093 147 3130 6
172 3073 255 3152 copi,
271 3073 333 3134 sive
346 3075 412 3151 ejus
427 3073 554 3148 Vicani,
570 3070 621 3133 liet
635 3072 713 3133 intra
726 3071 802 3134 duos
816 3090 936 3134 menses
950 3075 1102 3154 proxinrns

133 3183 148 3220 u
172 3169 242 3224 ante
261 3160 499 3243 prolessronenr²
518 3181 526 3236 ;
550 3178 586 3224 ac
601 3179 662 3222 non
680 3160 753 3222 aliis
766 3161 948 3244 intelligatur
962 3161 1101 3224 ellectum

165 3296 173 3324 ‘
190 3291 357 3344 Communiter
374 3293 421 3343 boc
434 3291 508 3342 bodie
524 3307 574 3343 non
587 3291 732 3357 intelligitur
745 3291 775 3344 du
788 3291 1012 3344 renuntiationibus
1033 3293 1102 3346 iactis

133 3369 191 3414 tute
203 3361 341 3428 ingressum
355 3365 380 3412 16
395 3363 579 3414 nonasterium.
595 3365 715 3424 (Pt'oelett.
727 3364 753 3416 S.
766 3364 877 3430 Sulpitti,
891 3376 920 3413 n⁰
933 3363 999 3429 itt.)

163 3437 174 3464 ¹
190 3433 243 3483 Hoc
260 3441 340 3484 tarnen
354 3435 498 3497 intelligitur
511 3435 541 3484 de
557 3435 781 3486 renuntiationibus
793 3437 883 3501 quibus
897 3435 1037 3488 notabiliter
1054 3437 1103 3488 nti-

134 3511 270 3556 nueruntur
288 3505 351 3555 bonu
370 3505 470 3567 novitii,
484 3519 534 3555 non
547 3505 603 3556 verb
620 3507 651 3556 de
669 3506 731 3556 aliis.
754 3507 788 3558 lte
808 3506 1027 3573 Sclrnralzgruuber
1038 3509 1103 3574 apud

136 3574 229 3636 Bnuix,
242 3576 308 3637 ibid,
323 3591 346 3640 p.
360 3577 414 3626 584.

164 3645 238 3696 Juxta
258 3654 341 3696 auteur
354 3647 379 3696 S.
393 3645 419 3698 C.
432 3646 535 3708 666611,
553 3647 681 3698 Decretum
694 3647 803 3698 Trident.
817 3649 934 3715 applicari
946 3649 1019 3702 debet
1030 3652 1103 3703 etiarn

138 3715 345 3779 munctionibus
358 3717 542 3770 buneliciorunt.
558 3717 664 3771 tbuuix.
674 3719 717 3776 ib..
729 3735 754 3776 n.
768 3719 833 3784 5111.)

969 3791 1018 3846 ll·

1143 3849 1255 3970 μ
