2522 3996
195 249 233 310 66
412 269 549 314 annuere
570 268 670 314 renus
690 268 771 313 runis
792 267 940 314 canonici.

195 387 210 425 n
234 365 298 430 bus.
317 389 332 427 6
350 369 381 431 S.
398 369 428 430 C.
444 367 585 444 llituurn,
601 365 682 448 apud
696 365 870 440 Gardellini,
882 365 925 427 n¹‘
939 370 1014 430 6604
1031 372 1062 428 et
1074 369 1164 430 6666.

195 490 234 504 -·
244 455 302 518 Sed
314 463 387 520 tuno
400 457 505 538 nequit
519 456 595 518 ulles
608 455 778 517 functiones
792 456 914 536 exsequi
930 456 1097 538 parochus,
1112 457 1168 519 sed
1234 530 1235 533 Ἴ

195 545 293 607 sellun
304 547 445 608 interesse
459 545 554 624 (iord,
573 553 605 606 6ο
620 543 819 622 6639)-446
833 543 879 606 his
892 551 994 606 autem
1001 545 1167 626 parochum

196 652 283 714 posse
310 635 469 717 impediri,
489 631 644 716 respondit
667 635 757 695 Sacra
782 634 997 714 Congregatio,
1018 633 1075 696 nisi
1091 634 1169 697 adsit

195 724 343 786 contraria
359 722 545 786 consuetudo
568 721 694 784 tirmiter
713 727 743 783 et
763 721 897 804 legitime
912 721 1066 803 probanda
1086 725 1169 802 (Gar-

195 810 314 884 dellini,
331 821 364 874 6ο
379 813 484 892 6684).

236 905 323 962 4444.
346 903 380 962 46
395 903 530 982 ingressu
545 907 639 983 portae
652 901 697 962 vel
711 900 777 962 atrii
792 899 1103 981 eeclesiaeregulariS,
1116 909 1171 964 aut

195 989 317 1052 alterius
330 989 363 1051 in
386 993 447 1072 qut
460 990 649 1072 sepeliendus
663 997 708 1052 est
726 988 905 1064 defunctus,
926 989 1070 1052 Praelatus
1084 990 1171 1053 istius

195 1077 323 1152 domus,
342 1079 387 1140 vel
408 1080 483 1140 alius
503 1078 541 1141 de
564 1081 628 1160 ejus
650 1077 811 1156 mandato,
832 1077 966 1140 officium
987 1077 1170 1141 funeralium

196 1164 364 1230 reassumit.
381 1167 454 1229 Vide
466 1170 606 1245 bearem,
622 1187 669 1249 ap.
687 1168 799 1242 ltouix,
815 1167 860 1230 De
879 1166 1026 1240 Parorho,
1047 1188 1078 1249 p.
1094 1171 1168 1230 493.

239 1277 255 1314 a
279 1260 323 1318 An
345 1257 429 1318 liceat
453 1257 582 1338 parocho
605 1255 786 1318 Gathedralis
806 1256 1052 1333 Camerinensis,
1084 1273 1173 1318 ocea-

197 1365 212 1408 6
235 1345 751 1413 sioneassoeiationisdetunctorum
761 1344 962 1406 adeeclesiam
971 1343 1167 1425 regularium,

196 1453 212 1492 6
235 1433 372 1513 deposito
386 1433 494 1496 leretro
509 1442 576 1495 ante
593 1434 697 1494 limina
711 1433 860 1507 ecclesie,
882 1451 987 1513 preces
1009 1441 1172 1496 consuetas

197 1543 211 1580 6
237 1525 360 1584 recitare
369 1523 463 1584 ‘l-—S.
475 1523 670 1604 Congregatio
685 1523 818 1602 censuit:
835 1522 902 1583 Non
913 1521 999 1583 licere
1012 1523 1166 1604 omplihsn

197 1612 385 1689 (Gardellini,
402 1624 436 1672 n⁰
449 1616 549 1690 3644).

237 1705 323 1764 4448.
349 1703 448 1762 Potest
470 1701 616 1782 parochus
640 1702 799 1783 prohibere
819 1700 1006 1782 regularibus
1032 1719 1070 1763 ne
1096 1721 1171 1784 pro-

198 1791 293 1872 priam
307 1810 428 1854 erucem
443 1793 559 1871 erigant
570 1792 599 1850 in
608 1791 804 1867 lurreralibuS,
817 1790 939 1872 quando
948 1790 1092 1853 cadavera
1105 1811 1171 1856 666

196 1879 369 1942 deseruntur
383 1879 420 1941 ad
434 1899 538 1941 eorum
554 1881 693 1942 ecclesias
708 1883 748 1962 (S.
767 1883 797 1942 C.
815 1881 892 1953 Rit,
918 1898 967 1960 ap.
985 1879 1169 1959 Gardellini,

197 1973 324 2046 n⁰570).

237 2063 323 2120 4448.
348 2057 500 2120 Prohiberi
513 2066 670 2139 nequeunt
683 2061 700 2120 a
712 2057 842 2140 parocho
857 2056 1009 2138 regulares
1023 2077 1061 2120 ne
1075 2059 1113 2122 ad
1125 2059 1172 2124 iu-

197 2165 254 2209 nus
272 2148 367 2210 vocati
387 2167 497 2229 eorpus
518 2149 683 2224 associent,
709 2147 841 2229 psalmos
859 2146 897 2207 de
916 2165 1001 2210 more
1019 2150 1171 2213 cantando

196 2239 237 2316 (S.
255 2239 349 2317 Cong.
366 2237 437 2310 itit,
453 2257 501 2318 ap.
519 2237 695 2311 Gardellini,
715 2245 747 2298 6ο
762 2238 842 2314 684).

235 2326 387 2388 Parochus
406 2327 551 2408 impedire
575 2328 679 2408 nequit
699 2327 773 2406 quin
796 2325 1054 2388 confraternitates
1075 2326 1171 2391 funus

195 2416 392 2494 associentts.
409 2417 444 2475 44.
460 2418 584 2497 Congu,
600 2436 647 2496 ap.
665 2415 946 2493 Ga1·dell.,n·685).

236 2509 324 2568 4466.
347 2505 498 2567 Porcellus
512 2525 566 2586 per
580 2507 666 2584 eujus
680 2503 830 2586 parochiae
848 2503 925 2566 fines
938 2505 1044 2568 transit
1057 2505 1169 2586 funus,

196 2593 313 2656 nullum
331 2595 381 2673 jus
402 2595 547 2676 acquirit,
579 2613 635 2656 nec
654 2595 814 2655 transitum
834 2594 980 2675 impedire
1003 2601 1173 2676 potestant

195 2683 361 2765 quidquam
370 2683 509 2766 stipendii
519 2690 619 2766 petere
634 2685 676 2762 (S.
692 2684 725 2744 C.
741 2685 814 2759 bit,
830 2683 949 2747 illebr.
975 2687 1075 2763 4666).
1091 2685 1172 2749 Vide

196 2773 288 2834 Bouix
309 2773 372 2849 (id,
391 2793 421 2854 p.
437 2776 506 2848 464)
520 2793 527 2847 ;
544 2772 727 2848 Ferraristv⁰
744 2772 909 2847 Percotes,
925 2778 979 2834 art.
995 2775 1034 2850 3,
1052 2789 1085 2834 6ο
1103 2777 1170 2853 37).

198 2864 306 2924 ductor
320 2869 420 2924 66666
437 2862 571 2924 Pretert.
590 2863 619 2920 S.
636 2860 766 2940 Sulpico·
779 2864 822 2938 (6ο
836 2863 905 2936 534)
920 2862 1104 2948 contrarium
1118 2882 1170 2928 as·

195 2950 284 3022 serit,
300 2947 351 3012 sed
367 2950 478 3012 nullam
493 2949 701 3010 auctoritatem
713 2947 747 3009 in
761 2949 968 3030 probationem
982 2949 1077 3011 allert.

236 3043 322 3100 4464.
347 3039 392 3100 hd
411 3039 576 3121 parochum
595 3043 709 3119 spectat
728 3037 880 3100 declarare
907 3055 960 3118 per
981 3057 1073 3120 quana
1087 3041 1171 3103 iriam

196 3128 395 3210 exportandus
416 3130 455 3189 sit
476 3127 646 3191 defunctus.
669 3129 843 3191 Decisuml
866 3129 897 3188 S.
918 3127 1030 3210 Gongr.
1051 3130 1170 3211 Episc,

194 3236 240 3299 ap.
260 3219 452 3278 Laurentum.

236 3311 321 3368 4466.
345 3309 410 3366 llon
427 3306 464 3367 ad
479 3305 662 3386 paroehum,
678 3307 731 3369 sed
745 3307 783 3370 ed
796 3307 931 3369 haeredes
945 3307 1075 3390 pertinet
1088 3328 1172 3389 quos

194 3395 340 3458 voluerint
361 3395 478 3456 clericos
491 3413 673 3473 convocare5
685 3397 709 3458 si
724 3397 761 3458 ah
782 3397 951 3458 haeredibus
965 3397 993 3458 id
1010 3416 1071 3458 non
1091 3399 1169 3477 frat,

195 3484 342 3566 parochus
355 3502 460 3545 vocare
474 3490 570 3564 potest
584 3503 659 3565 quos
673 3485 807 3558 voluerit,
820 3487 860 3548 ita
874 3491 908 3547 ut
920 3485 1018 3547 cleriei
1028 3485 1171 3549 eoelesiae

195 3571 540 3653 extennspraeteranrur.
553 3575 584 3636 S.
595 3575 626 3634 C.
637 3575 735 3655 Episc.
745 3581 775 3636 et
787 3575 939 3656 Regulam,
954 3577 993 3636 68
1003 3593 1068 3655 apr.
1086 3579 1170 3638 4649

196 3663 358 3738 (Pellaeis,
376 3669 405 3718 v⁰
419 3661 602 3743 Sepultura,
625 3661 665 3722 n¹·
686 3667 744 3723 664
764 3669 794 3724 et
811 3667 891 3739 666).
905 3695 939 3710 ·-
954 3664 974 3723 'o
988 3663 1171 3726 Sacerdotes
