2522 4028
485 258 569 303 mern
591 259 708 306 rnruus.
1025 237 1084 300 ί293

119 345 401 428 usurpetioloioolis‚
416 343 653 407 utidemonstrnt
669 347 704 407 [t.
727 344 849 423 Andre,
866 345 1085 409 Coorsdodruit

117 457 223 510 conon,
239 445 269 494 v⁰
283 435 420 498 Facultds
443 436 595 497 .-·Solenl
611 441 712 496 tumeo
730 435 760 497 in
774 435 900 516 singulis
914 435 1085 518 hujusmodi
1120 477 1122 480 -

118 525 345 603 Academiis‚,d
364 523 535 604 respectivis
553 524 708 606 Episcopis
725 523 907 588 dioecesanis
925 525 1084 607 approbari

119 613 303 678 Professores
316 613 486 694 Theologiae
500 631 535 677 eo
545 614 622 694 iuris
634 609 801 676 oenoniui'.

541 779 622 845 ΛΒΤ.
646 780 681 844 ll.

293 927 331 972 nu
351 921 463 972 sonore
482 923 652 970 ruroioomr
673 923 885 972 uirorumue.

158 1073 249 1132 elit.
265 1071 341 1132 cum
355 1068 436 1130 idem
453 1064 588 1127 videatur
601 1081 667 1125 esse
680 1063 763 1144 loqui
776 1062 814 1126 de
832 1063 941 1128 Schola
958 1065 1085 1133 Theolo-

116 1163 175 1245 giae
186 1159 366 1224 cathedralis
378 1175 413 1220 oo
427 1154 465 1217 de
483 1152 634 1216 Cononioo
646 1151 836 1235 Theologoli,
852 1153 890 1215 de
904 1173 966 1235 quo
979 1175 1086 1238 opnor.

118 1253 222 1314 tuoiiis
239 1248 402 1312 dicendum
418 1245 474 1308 erit
489 1243 541 1306 ulii
560 1242 599 1304 de
612 1241 769 1324 Capitulis,
789 1241 856 1304 ideo
872 1243 908 1306 ed
923 1243 1002 1310 hono
1017 1249 1085 1312 illo-
1177 1237 1190 1258 '
1255 1243 1256 1258 ¹

116 1342 217 1404 riualis
237 1338 327 1401 nostri
349 1343 479 1418 portem,
495 1331 693 1414 qurestionem
706 1331 891 1394 tractandum
906 1338 1086 1402 remittimus

119 1431 331 1515 (2l96·2⁶.>l¹l):
344 1424 516 1504 ibidemque
525 1421 685 1502 loquemur
702 1419 741 1482 de
751 1420 933 1502 Theologoli,
947 1423 976 1486 ln
992 1428 1086 1492 eoole·

117 1521 170 1586 siis
178 1517 355 1600 collegiatis
366 1525 396 1578 et
410 1510 598 1576 monasteriis
611 1509 688 1572 siout
707 1508 739 1570 in
759 1509 982 1576 cathedralibus
1000 1515 1085 1579 insti-

116 1609 251 1685 tuendo,
273 1610 357 1687 juxto
379 1604 586 1688 praescriptum
605 1597 729 1660 Consilii
751 1598 917 1662 Tridentini
937 1605 1025 1682 (sess.
1043 1609 1084 1685 ὅ,

116 1719 185 1782 cap.
203 1704 215 1762 l
228 1747 236 1775 ‚
248 1697 283 1760 de
296 1693 529 1778 resonatione).

156 1792 246 1852 elle.
270 1781 468 1848 solummodo
489 1780 539 1842 hle
554 1776 722 1840 notandum
737 1782 783 1841 est
795 1781 847 1840 l’s
864 1780 966 1859 Quod,
982 1801 1020 1848 ex
1033 1805 1084 1852 ρο.

115 1877 186 1943 dem
199 1875 332 1939 Concilio
342 1871 517 1937 Tridentino
530 1867 644 1946 (loidi,
661 1887 676 1926 o
690 1865 839 1944 eeclesiae,
852 1888 980 1950 quorum
990 1877 1084 1939 unnui

116 1989 133 2028 n
158 1973 319 2050 proi-entus
334 1971 440 2024 tenues
457 1960 585 2032 fuerint,
599 1964 629 2019 et
642 1956 693 2019 ubi
709 1963 770 2018 lom
789 1957 897 2038 exiguo
911 1967 956 2024 est
968 1961 1039 2026 oleri
1056 1972 1085 2028 et

116 2080 132 2116 o
156 2055 259 2138 populi
284 2049 442 2114 multitudo
461 2057 492 2112 ut
510 2045 680 2127 Theologiae
698 2045 785 2108 lectio
810 2046 841 2108 in
862 2047 905 2110 eis
925 2054 1084 2118 commode

89 2151 92 2156 “
115 2169 131 2206 ι
157 2135 257 2207 holreri
275 2160 335 2204 non
355 2141 462 2223 possit,
478 2137 581 2200 saltem
601 2133 925 2216 magistrumhobeont
943 2139 981 2202 ab
998 2143 1083 2224 Epis·

114 2259 131 2296 n
155 2253 233 2316 copo
244 2251 313 2296 oum
324 2229 450 2293 oonsilio
460 2225 585 2307 Capituli
597 2224 984 2307 eligendumquielericos
999 2232 1084 2296 ulios

115 2348 130 2385 o
155 2341 217 2406 que
238 2321 388 2385 scholares
408 2333 576 2400 nauperes,
598 2314 823 2396 grammaticam
837 2317 929 2398 gratis
941 2317 1081 2401 edoceto

115 2437 131 2476 ι
155 2423 188 2478 ut
207 2412 351 2493 deinceps
370 2407 408 2472 od
427 2408 490 2489 ipso
504 2407 602 2468 Snorae
616 2404 776 2485 Scripturae
795 2403 909 2485 studia,
930 2417 1084 2476 annuente

115 2525 131 2564 ι
155 2506 234 2580 Deo,
249 2501 376 2563 transire
390 2496 542 2579 possint.»

153 2596 244 2656 9146.
254 2593 336 2651 -20
356 2585 442 2659 Quod
456 2603 491 2648 ex
512 2581 728 2646 Constitutione
740 2583 763 2646 Α
767 2583 920 2665 postolt'coe
933 2587 1084 2653 seruitutis

114 2683 197 2745 Pnuli
213 2683 254 2756 V,
266 2675 455 2740 instituendae
468 2674 529 2735 sint
543 2673 573 2733 in
588 2671 776 2734 monasteriis
788 2670 899 2734 soholae
912 2671 1083 2756 linguarum

115 2770 279 2838 hebroicae.
294 2783 415 2848 grinele,
430 2763 529 2824 latinae
543 2767 573 2824 et
585 2760 732 2822 arabico:
752 2782 767 2818 o
781 2761 853 2824 Hreo
865 2761 947 2824 enim
961 2783 1082 2830 eonver-

114 2880 129 2920 r
153 2858 231 2921 sioni
253 2855 419 2917 inlidelium
446 2849 699 2933 opportunissimo
718 2867 783 2912 esse
803 2849 1022 2933 dignoscuntur
1042 2877 1076 2934 o,

115 2947 213 3030 inquit
228 2944 322 3023 Bulla,
338 2962 406 3026 quoe
417 2950 518 3024 posteo
531 2940 574 3001 sio
588 2939 703 3020 pergit:
723 2940 815 3002 olido
827 2943 927 3003 nostre
938 2947 1081 3026 perpetuo

142 3103 151 3138 1
173 3099 301 3150 Neminem
312 3099 373 3149 latet
383 3097 522 3163 hujusmodi
542 3097 678 3146 Faculloles
695 3095 844 3161 theologicos
858 3113 925 3149 nuno
939 3113 1084 3162 suppressas

108 3188 164 3223 esse
179 3187 186 3229 ;
202 3179 246 3220 est.
264 3171 311 3219 lteo
330 3171 434 3230 furcole,
448 3177 529 3220 erecta
547 3174 604 3217 suut
620 3168 644 3216 in
658 3169 786 3217 oollioliois
805 3170 1008 3222 Uoltur-sitatibus
1021 3185 1083 3220 rorte

108 3243 269 3294 etceoooiore
284 3243 427 3296 lacunato.
445 3243 577 3292 ascedente
590 3255 637 3288 non
657 3241 726 3288 modo
744 3241 916 3304 Eoisvoporum
933 3243 1083 3305 protectione

107 3323 131 3366 el
144 3313 313 3366 benovolentia
342 3315 384 3363 sed
405 3315 481 3363 eliam
506 3317 602 3361 serioue
618 3313 687 3360 Sedis
707 3320 860 3364 auctoritate.
875 3315 933 3373 Qum
952 3318 1084 3363 canonicos

107 3389 196 3452 grados
204 3400 289 3442 trinio
300 3386 486 3435 Boceuluureatu
497 3403 518 3434 o.
528 3383 658 3434 tio-otiam
669 3391 693 3432 ot
705 3385 857 3434 llooloralum
868 3401 910 3436 seu
922 3388 1083 3447 lingosterimn

108 3468 159 3509 tum
176 3459 201 3508 ln
215 3472 285 3506 suero
299 3457 436 3520 theologie,
452 3463 501 3505 tum
519 3455 544 3503 in
556 3455 610 3518 jure
621 3455 857 3510 erotesiooioonmo
872 3458 945 3507 etiem
962 3459 986 3506 in
1005 3459 1081 3519 oliilo·

108 3531 193 3592 sonliio
209 3529 353 3579 schoenida
369 3530 414 3578 rite
435 3527 564 3578 eooleruul
587 3528 649 3575 Sunt
667 3531 748 3574 aulem
764 3527 819 3584 illu,
844 3534 869 3578 ul
888 3530 993 3590 qiiisqoe
1005 3529 1082 3591 novit,

109 3602 263 3661 derisionem,
278 3599 455 3668 Lugdunensis,
471 3597 612 3656 lusulemis,
623 3597 743 3648 tolosano
758 3604 783 3650 el
799 3599 989 3666 indagavensis.
