2522 3996
193 323 232 384 tt)
409 333 544 382 urnulas
563 332 664 380 ronna
683 331 765 380 soon
785 329 933 380 canomcr.

193 457 206 491 a
232 437 372 515 Synouus
385 437 606 514 cpiscoporum
614 434 676 506 est,
691 447 750 490 oco
761 429 971 493 clericorum.»
985 429 1107 510 (Bouix,
1124 431 1167 491 ne

193 523 336 599 Pcroolro,
352 545 383 604 p.
401 522 554 598 lla-125.)

1 677 35 732 ‚.·
76 689 79 702 =
194 650 360 732 Proposr'cio
374 653 404 710 6.
420 683 460 694 -
473 645 624 710 Parochus
638 645 753 708 nullam
765 643 856 708 habet
871 643 1114 724 jurisdictionem
1135 633 1172 707 iu'

231 739 297 802 loro
310 745 446 801 externo.

232 869 320 930 lana.
332 866 414 928 ltaS.
429 863 564 945 Liguor.‚
576 861 627 924 lib.
637 867 667 938 7,
679 865 789 926 n⁰l07.
801 863 1009 927 Sicnlmhano
1021 863 1162 943 haberat,

193 964 271 1021 esset
292 954 338 1017 rel
360 973 396 1017 ex
416 953 490 1035 jare
510 951 625 1026 diuino,
650 961 702 1015 aut
723 953 858 1014 naturali
875 962 927 1016 aut
954 954 1166 1019 ecclesiastico:

193 1046 283 1129 porro
306 1062 368 1106 non
386 1061 422 1106 er
434 1041 509 1122 jure
526 1039 637 1120 divino,
661 1043 732 1104 cum
746 1041 867 1124 parochi
884 1061 945 1105 non
965 1042 1025 1105 sint
1047 1045 1164 1108 iustitu-

193 1135 283 1198 tionis
304 1131 678 1208 divina(1295);necex
695 1129 769 1210 jure
790 1130 943 1208 natarali,
965 1133 1036 1194 cinn
1059 1142 1166 1198 natura

193 1223 383 1284 functionum
402 1219 523 1302 parochi
546 1237 608 1281 non
622 1217 721 1299 exigat
738 1218 910 1298 hujusmodi
922 1221 1163 1301 juridictionem,

193 1331 247 1392 pro
262 1313 349 1390 cnjus
364 1309 505 1372 exercitio
523 1307 631 1371 suflicit
652 1309 813 1370 auctoritas
832 1309 1035 1391 Episcopalis;
1050 1330 1107 1373 nec
1129 1332 1164 1374 ex

55 1459 56 1462 ,
76 1479 78 1482 Ι
192 1403 260 1480 prro
274 1399 554 1472 ccclesioso'caclrm
570 1397 672 1480 (hodie
682 1397 798 1475 saltem)
807 1398 897 1460 talem
911 1405 1065 1460 externam
1078 1402 1166 1480 iuris-

193 1489 356 1548 dictionem
373 1488 504 1550 aeclesia
522 1487 553 1548 in
566 1487 705 1569 parochis
723 1505 786 1549 non
806 1495 968 1568 agnoscat,
989 1496 1024 1551 ut
1037 1489 1165 1554 latentur

195 1577 312 1657 ipsimet
324 1577 495 1639 adversarii.

233 1667 275 1727 Ex
290 1665 376 1728 (lictis
390 1665 476 1746 plura
488 1671 657 1747 sequuntur
671 1665 850 1730 Corollaria:

234 1759 321 1818 1303.
340 1754 539 1818 Corollortum
551 1757 576 1816 I.
592 1757 672 1835 Ergo
682 1755 803 1836 parochi
817 1803 824 1832 ‚
838 1756 943 1819 sallem
952 1757 985 1820 in
998 1764 1077 1822 statu
1091 1780 1166 1843 prae-

194 1843 269 1904 sonti
289 1844 445 1918 Ecclesiae,
463 1861 524 1904 non
549 1843 658 1905 habent
681 1850 858 1925 potestatem
882 1851 1164 1915 excommunicandi

196 1932 237 1992 rol
252 1933 325 1994 alias
338 1949 481 1994 censuras
495 1930 609 1994 ferendi
623 1953 630 1994 :
646 1932 670 1994 sl
684 1933 806 2014 quidem
819 1934 856 1996 ad
870 1933 928 1997 hoc
942 1938 1104 2019 requiritur
1114 1942 1164 2022 ju·

195 2021 325 2082 risdictio
336 2022 367 2082 in
379 2021 443 2083 loro
457 2029 580 2084 externo
594 2039 686 2103 quam
702 2023 822 2103 parochi
838 2043 898 2085 non
913 2023 1034 2089 habent.

234 2113 342 2173 Utrum
356 2113 425 2172 vero
440 2110 561 2192 parochi
571 2111 648 2174 hanc
662 2111 824 2193 aliquando
838 2112 998 2176 habuerint
1008 2117 1076 2196 inre
1093 2139 1163 2202 pro-

193 2199 259 2281 prio
279 2207 309 2262 et
330 2217 366 2262 ex
394 2199 493 2262 cilicio
524 2207 717 2282 potestatem,
743 2200 893 2263 affirmant
915 2205 1110 2282 Parachislae,
1135 2217 1165 2274 et

194 2306 264 2350 cum
279 2288 322 2350 eis
335 2288 425 2351 ctiam
438 2289 654 2352 'thomassinus
664 2292 743 2372 (pars
754 2294 782 2364 1,
795 2289 845 2352 lib.
857 2296 888 2368 2,
900 2309 967 2373 cap.
984 2299 1034 2372 26,
1048 2309 1080 2357 ηο
1093 2304 1124 2374 ’1,
1135 2307 1163 2362 el

194 2377 285 2455 alibi).
302 2377 378 2440 Vide
391 2379 498 2454 Bouix,
514 2378 600 2452 illd„
616 2397 646 2460 p.
665 2383 807 2454 l29‚etc.
821 2380 924 2442 -Sed
933 2384 1003 2444 rarii
1014 2391 1113 2448 textus
1126 2389 1164 2452 ab

194 2465 266 2546 ipsis
280 2467 395 2548 allegati
412 2486 473 2530 non
486 2468 564 2530 bene
578 2467 650 2530 illud
665 2467 809 2548 probant,
824 2469 895 2530 crim
909 2470 1035 2554 intelligi
1049 2480 1164 2555 possint

193 2555 238 2616 rel
253 2555 291 2618 cle
306 2575 366 2619 non
381 2559 506 2634 curatis,
521 2557 568 2620 rel
590 2557 628 2619 de
650 2575 722 2619 casu
740 2557 877 2638 specralrs
889 2557 1100 2640 delegationis.
1118 2567 1163 2628 vel

194 2643 294 2725 aliquo
309 2645 366 2708 alio
380 2647 471 2710 modo
484 2647 545 2709 rim
558 2645 706 2728 probandi
723 2645 887 2710 auferente.
912 2683 945 2694 -
962 2650 1036 2714 Vide
1048 2653 1162 2735 Bouix,

195 2733 278 2804 ilia,
296 2754 325 2815 p
345 2740 413 2815 tar,
432 2741 500 2800 118.
749 2755 752 2766 ’

233 2827 321 2886 1301.
346 2824 545 2888 Corollarlum
561 2825 606 2886 II.
629 2826 710 2906 Ergo
734 2824 855 2906 parochi
878 2845 940 2889 uon
954 2835 1025 2892 sunt
1042 2834 1164 2914 propria

193 2911 317 2975 Prolati
329 2915 420 2976 etiam
436 2913 579 2990 minores,
595 2931 652 2975 nec
670 2913 849 2994 Dr'poitotea.
866 2917 981 2979 Praelati
997 2921 1080 2982 enim
1095 2941 1163 3004 pro-

193 3004 257 3084 prio
270 3001 359 3073 dicti,
375 3004 465 3065 etiam
480 3003 628 3072 minores,
644 3001 753 3065 hahere
770 3003 882 3066 debent
906 3007 1010 3070 saltem
1022 3011 1163 3088 iurisdic-

193 3090 305 3152 tionem
315 3091 370 3152 tori
381 3091 495 3152 externi
505 3096 536 3151 et
545 3091 724 3154 contentiosi
735 3091 824 3174 (Vide
832 3093 963 3157 Ferraris
972 3105 1002 3159 et
1012 3099 1162 3181 Fagnan.,

194 3197 239 3260 ap.
257 3179 371 3250 Bouix,
394 3178 482 3254 ibid„
511 3199 541 3260 p.
560 3183 635 3255 168,
660 3183 740 3259 etc).
764 3181 847 3242 ldem
869 3191 915 3245 ast
936 3185 1098 3250 dicendum
1125 3191 1164 3254 da

192 3267 391 3349 Dignitatibus
401 3267 511 3349 quibus
520 3268 609 3330 etiam
619 3269 738 3332 annecti
747 3269 837 3332 dehet
847 3271 1014 3350 jurisdictio
1022 3285 1160 3355 externa,

192 3356 236 3417 rel
251 3357 355 3418 saltem
366 3355 439 3419 tales
449 3357 550 3419 haberi
565 3356 706 3420 debeata
720 3357 841 3439 legevel
856 3359 988 3442 legitima
1001 3376 1163 3432 consuatu-

7 3401 28 3448 π’
132 3491 134 3496 .
192 3443 276 3516 dine,
289 3443 371 3526 quod
386 3445 486 3509 locum
497 3465 559 3510 non
573 3446 662 3509 habet
672 3465 726 3529 pro
740 3447 887 3528 parochis.
903 3453 993 3534 Ergo.
1003 3462 1061 3518 etc.
1076 3457 1161 3533 (ibr'd,

192 3552 222 3683 p.
240 3537 320 3698 11(3).
331 3539 430 3702 pugn
440 3537 510 3599 vcro
524 3537 672 3618 parochus
686 3537 724 3598 sit
738 3537 926 3614 l'erronann,
942 3542 1009 3606 vide
1018 3563 1067 3626 ap.
1078 3564 1164 3610 euru-

213 3640 262 3683 am
288 3642 318 3704 p.
407 3669 415 3686 .

114 3711 165 3823 'agg
232 3715 320 3774 1305.
345 3713 547 3778 Corollarr'mn
560 3715 621 3778 III.
638 3713 853 3798 Ergoparochi
875 3735 937 3780 non
956 3727 1027 3782 mut
1039 3721 1162 3802 proprio

168 3857 180 3969 ξ
227 3899 231 3906 .
