2528 3996
198 307 258 374 sto
418 318 557 367 ninutas
577 317 678 364 roncs
698 315 780 363 runis
801 313 948 362 oenomai.

200 428 244 482 ost
258 420 323 502 ipso
336 417 414 481 lacto
428 414 528 488 irrita,
549 413 633 494 juxta
648 410 882 494 probabiliorem
903 409 1105 487 sententiam:
1123 431 1180 476 nec

203 507 372 572 necessario
386 511 431 568 est
445 501 599 577 irritanda,
616 500 830 563 nonobstante
847 517 914 580 cap.
933 498 1040 580 Officii,
1055 499 1092 561 de
1105 501 1179 564 eler-

206 597 283 659 tione
292 615 304 658 .·
318 589 396 677 quia
411 591 502 656 bodie
516 609 570 673 per
593 590 684 652 telem
698 587 918 671 professionem
936 587 1004 670 quis
1028 588 1131 651 subitd
1145 609 1181 654 ex

202 684 337 748 seculari
353 701 416 746 non
438 679 536 744 evadit
553 679 714 754 Prelatus,
737 678 809 740 cirm
832 676 991 740 novitiatus
1009 679 1182 758 precedere

203 774 310 837 debeat
325 771 559 855 professionem3
571 771 605 831 5·
617 773 651 830 ut
662 767 699 829 sit
714 766 852 844 clericus,
867 767 938 828 cirm
953 764 1062 826 debeat
1072 766 1182 830 babere

203 861 440 943 iurisdictionem
451 857 815 933 ecclesiasticam360non
823 855 988 936 requiritur
996 861 1031 916 ut
1040 855 1182 918 sitsecer-

205 951 275 1029 dos,
295 948 347 1012 sed
365 953 485 1010 tenetur
505 964 575 1007 mox
594 945 834 1027 presbyteratum
848 943 1021 1024 suscipere,
1038 949 1073 1005 ut
1089 943 1184 1008 valeat

206 1057 287 1102 cure
309 1038 479 1100 animarum
502 1034 696 1110 incumbere;
720 1037 752 1093 7⁰
776 1051 838 1095 non
862 1039 958 1114 potest
978 1033 1048 1112 eligi
1071 1033 1125 1114 qui
1146 1033 1185 1097 ob

207 1125 455 1207 irregularitatem
478 1122 618 1184 inhabilis
641 1131 686 1185 est
708 1121 746 1184 ad
769 1121 935 1203 llignitates
948 1127 978 1182 et
992 1121 1183 1201 Praeletures,

209 1215 265 1277 nisi
279 1219 356 1276 esset
372 1213 489 1275 tantbm
503 1211 644 1274 inhabilis
659 1210 696 1273 ad
707 1211 920 1293 Episcopatunt
934 1216 963 1271 et
978 1227 1040 1272 non
1052 1210 1093 1272 ad
1105 1229 1187 1293 pres·

208 1303 376 1385 byteretum
391 1309 421 1364 et
434 1301 622 1364 Praeletures
638 1300 694 1376 (De
706 1297 819 1380 Rapui..
836 1305 911 1361 tom.
927 1301 957 1376 2,
973 1317 1003 1382 p.
1022 1303 1106 1379 tta.)

249 1395 381 1454 nabs-
392 1393 424 1453 3⁰
434 1389 550 1453 Praelati
562 1388 667 1450 electio
675 1389 712 1450 ad
726 1389 821 1469 ipsius
829 1388 1103 1470 Congregationem
1118 1409 1186 1472 per-

210 1477 302 1540 tinet:
322 1479 465 1559 eligenies
488 1485 589 1540 nutem
613 1481 643 1540 l⁰
661 1477 809 1558 legitime,
830 1493 884 1540 seu
905 1475 943 1538 ab
962 1493 1000 1538 eo
1026 1477 1066 1538 ad
1094 1497 1187 1559 quem

210 1573 341 1648 spectat,
365 1567 520 1628 convocari
544 1565 674 1641 debent;
696 1569 729 1626 2⁰
750 1564 861 1626 debent
882 1583 948 1628 esse
965 1563 1096 1647 professi
1120 1569 1188 1630 reli·

211 1656 307 1736 gionis
320 1655 367 1718 cui
381 1655 419 1717 de
436 1655 560 1718 Praeleto
581 1657 625 1716 sic
638 1653 828 1736 providetur;
846 1657 879 1716 3·
899 1654 1065 1735 requiritur
1082 1663 1116 1719 ut
1130 1657 1189 1718 sint

211 1745 316 1806 saltem
326 1743 517 1821 subdiaconi,
529 1743 586 1805 nisi
595 1749 700 1824 agatur
709 1742 747 1804 de
761 1742 917 1824 Religione
926 1745 1010 1804 mere
1020 1743 1187 1820 laicorum:

211 1838 243 1894 t·
257 1842 288 1896 ut
305 1834 386 1895 nulla
398 1835 525 1895 censure
538 1840 591 1895 aut
607 1831 665 1894 elit
678 1833 826 1894 sententie
839 1832 900 1894 sint
917 1830 1067 1896 inhabiles
1080 1835 1120 1896 ad
1132 1837 1188 1898 eli·

232 1922 356 1986 endum.

211 1942 231 2005 g
250 2015 383 2075 teto-
393 2013 424 2072 l⁰
436 2007 540 2084 Quoad
555 2009 683 2072 formam
698 2008 874 2071 servandam
889 2009 920 2072 in
934 2009 1098 2090 electione,
1112 2013 1189 2076 dixi·

212 2115 281 2162 mus
302 2117 394 2178 supra
417 2099 502 2181 (389,
525 2102 607 2173 etet.
631 2097 762 2160 Subiciet
780 2097 829 2160 blo
842 2098 970 2162 addere:
988 2105 1019 2162 t·
1038 2119 1190 2185 casuque

213 2186 286 2249 nulli
309 2185 355 2250 rel
382 2185 443 2248 tere
467 2186 541 2247 nulli
564 2187 724 2258 electores,
744 2187 883 2268 quamvis
900 2187 1015 2267 vocati,
1029 2189 1188 2266 adessent,

213 2274 318 2337 electio
337 2279 425 2348 tune,
445 2273 470 2335 si
494 2275 629 2356 religiosi
642 2276 703 2337 sint
718 2276 868 2357 exempti,
882 2275 922 2338 ad
937 2277 1072 2358 primunr
1093 2283 1189 2364 Supe

213 2361 322 2426 :iorem
332 2363 421 2426 totius
430 2362 595 2444 Religionis
607 2363 764 2446 nempead
773 2365 805 2426 S.
819 2364 996 2428 Pontificem
1008 2365 1188 2432 devolvitur:

213 2449 355 2515 electores
385 2449 468 2514 enirn
500 2461 604 2514 votum
631 2457 772 2534 prestare
803 2461 960 2534 nequeunt
995 2469 1191 2521 remanentes

213 2543 420 2623 unusquisque
436 2542 467 2602 in
486 2559 541 2603 suo
560 2547 732 2618 conventu,
748 2540 802 2604 sed
819 2552 984 2624 praesentes
995 2561 1063 2608 esse
1079 2546 1193 2611 debent

213 2629 243 2691 in
265 2630 420 2692 communi
448 2629 685 2711 congregatione
714 2630 766 2693 ubi
793 2631 900 2694 electio
923 2639 969 2696 est
995 2637 1192 2717 peragenda:

213 2723 243 2780 2⁰
258 2718 338 2780 irrite
352 2725 430 2782 esset
443 2718 549 2781 electio
560 2719 585 2780 si
599 2719 668 2800 quis
685 2737 722 2782 ex
743 2719 923 2784 electoribus
937 2727 1141 2804 presentibus
1155 2729 1194 2789 ad

212 2807 387 2889 sulllngiunr
402 2807 608 2890 prestandum
623 2825 685 2870 non
699 2806 921 2872 admitteretur:
938 2813 961 2873 si
976 2815 1048 2876 rerd
1063 2833 1130 2877 non
1145 2837 1197 2879 ro

212 2903 330 2957 caretur
352 2896 460 2978 aliquis
482 2896 594 2960 elector
615 2897 788 2976 vocandus,
809 2899 919 2962 irritari
941 2900 1068 2982 quidem
1090 2915 1196 2986 posset

212 2983 317 3045 electio
330 2983 366 3045 ad
382 2986 476 3067 ipsius
489 2985 675 3067 petitionem,
686 2986 738 3049 sed
749 3005 811 3050 non
825 2987 890 3070 ipso
904 2987 982 3052 sacto
995 2999 1078 3053 esset
1087 2993 1194 3070 irrita;

211 3073 244 3133 3·
262 3070 300 3134 ad
324 3071 455 3134 valorem
480 3074 634 3138 electionis
654 3077 817 3158 requiritur
838 3085 872 3139 ut
894 3077 1035 3160 suffragia
1061 3098 1139 3146 mos
1165 3085 1197 3146 in

211 3160 356 3222 emmoni
383 3160 598 3241 publicentur:
621 3165 704 3245 quod
732 3165 796 3227 fieri
817 3165 906 3229 debet
931 3167 1061 3233 dicendo
1085 3191 1197 3236 eorem

212 3249 273 3311 roa
286 3249 523 3331 Gorrgregntione
536 3259 611 3333 quot
624 3271 761 3336 personae
773 3256 950 3338 suffragium
963 3259 1107 3338 tulerint,
1129 3283 1197 3326 non

211 3343 312 3398 autem
325 3337 355 3399 in
366 3339 636 3419 quorumsarorem
646 3344 786 3425 suffragia
802 3344 871 3407 data
884 3345 1006 3420 luerint,
1023 3367 1142 3434 nempe
1155 3361 1199 3414 tot

212 3425 354 3506 sutlragie
367 3445 423 3510 pro
436 3429 485 3490 tali
501 3434 629 3511 persone
639 3479 646 3506 ,
656 3439 699 3494 tot
712 3451 767 3516 pro
781 3433 853 3510 atta3
869 3435 1005 3499 conterre
1018 3447 1125 3502 autem
1135 3443 1199 3504 de-

212 3509 285 3576 bent
294 3523 475 3579 scrutatores
485 3517 561 3579 inter
574 3537 607 3581 se
616 3519 653 3582 de
663 3539 791 3585 numero
800 3523 1024 3606 suffragiorum,
1038 3535 1069 3590 et
1083 3529 1148 3594 hoc
1158 3533 1199 3594 ad

211 3599 407 3666 substantiam
422 3605 575 3669 electionis
590 3610 729 3688 pertinet.
744 3611 819 3675 Vide
834 3615 946 3693 Bouix,
962 3614 1008 3677 De
1020 3617 1197 3700 nequer..

211 3693 287 3752 tom.
302 3695 337 3771 2,
354 3711 384 3774 p.
401 3697 551 3770 tta-4163
566 3701 598 3755 ⁴⁰
611 3698 683 3758 clun
694 3699 834 3782 suffragia
848 3699 978 3765 debeant
989 3719 1057 3768 esse
1072 3718 1199 3773 secreta
