2522 4028
201 263 258 328 266
415 279 553 329 reuolue
573 259 680 330 conos
693 281 776 330 roms
796 281 946 331 eunoun.

200 383 361 463 Lequeux,
377 393 411 442 n⁰
433 385 503 457 555,
525 380 555 442 in
577 381 647 442 fine.
664 381 722 444 Sed
745 382 835 444 hodie
854 382 1027 464 oppositum
1046 387 1092 445 cst
1110 401 1170 447 om·

201 471 273 533 nino
298 469 461 532 tenendum
484 487 521 531 ex
544 469 630 531 Bulla
651 470 761 533 Bened.
777 473 843 533 XIV
860 473 880 534 Α
885 471 1050 549 postolt'coe,
1066 472 1099 534 in
1115 477 1172 553 qut

201 578 298 642 poenae
321 559 436 621 clericis
456 559 556 621 illicite
572 560 794 638 negotiantibus
813 559 954 632 inllictae,
970 561 1173 623 extenduntur

202 649 292 712 eliam
305 647 345 709 od
356 647 475 709 clericos
493 647 600 708 illicite
615 648 717 727 (rerba
732 648 848 724 Bullael,
862 647 916 710 sub
928 647 1024 709 alieno
1039 649 1113 710 laici
1126 669 1161 709 no

202 737 289 811 mine,
305 736 516 820 quomodolibet
526 736 716 818 nepotiontes,
723 737 892 817 perr'ndeac
902 736 930 796 si
940 757 996 818 per
1007 739 1129 819 seipsos,
1145 757 1176 798 oe

200 825 321 908 proprie
334 844 432 887 eorum
445 824 559 886 nemine
572 825 689 904 nepotio
703 825 766 906 ipso
775 825 888 886 illicito
902 836 1081 887 coercerent.

242 914 325 976 Idem
352 919 467 975 constal
487 932 523 974 ex
547 912 633 974 Bulla
652 911 814 974 Clementis
834 914 900 975 XlII
929 914 1002 976 Ciam
1022 915 1175 995 primum,

203 1008 240 1065 l'l
256 1009 331 1084 sept.
348 1007 443 1077 1759,
460 1001 509 1064 ubi
534 1002 657 1082 insuper
676 1002 814 1063 statuitur
828 1001 910 1082 quod
924 1002 1041 1063 etiarnsi
1057 1002 1177 1063 familiae

203 1091 279 1152 adsit
294 1091 472 1165 necessitas,
488 1090 615 1152 clericus
628 1097 759 1170 nequeat
779 1090 924 1170 negotiari
940 1091 1004 1151 sine
1018 1089 1177 1172 dispeusa-

204 1182 284 1242 tione
301 1180 384 1242 Sertis
400 1179 596 1260 Apostolicae,
613 1178 636 1240 si
652 1177 777 1240 sitinlra
790 1179 923 1254 ltaliam3
940 1178 1080 1260 Episcopi
1097 1181 1176 1252 vero,

205 1269 228 1329 si
243 1284 326 1330 extra
338 1267 462 1328 italiam.
473 1269 619 1330 Praeterea
631 1265 813 1348 additquod,
823 1267 846 1327 si
858 1265 896 1328 dc
907 1267 1009 1347 aliquo
1023 1275 1178 1330 contractu

205 1355 354 1418 exoriatur
376 1356 503 1418 dubium
526 1373 565 1417 au
585 1355 664 1417 licite
679 1356 773 1436 possit
793 1357 810 1418 a
830 1355 938 1417 clerico
959 1356 1044 1432 iniri,
1059 1355 1178 1438 expedi-

205 1445 350 1506 tissimam
365 1463 430 1506 esse
442 1445 521 1507 viam
542 1443 691 1506 scribendi
705 1443 743 1504 ad
758 1445 789 1505 S.
805 1443 953 1524 congreg.
970 1445 1095 1506 Consilii
1114 1463 1178 1524 qua

206 1533 331 1596 dubium
345 1533 447 1596 solvat.
464 1533 599 1595 Declarat
618 1533 741 1612 insuper
759 1532 875 1594 clericis
887 1533 1087 1594 velitumesse
1102 1555 1176 1596 conr·

208 1623 285 1684 bium
299 1624 436 1684 octe'oum.
450 1622 535 1704 Apud
547 1624 577 1683 S.
596 1621 728 1701 liguor,
739 1621 792 1682 llll.
804 1623 833 1694 3,
847 1629 880 1682 11⁰
892 1623 962 1697 833;
975 1621 1088 1684 Bened.
1102 1623 1177 1694 Xll',

209 1713 251 1774 De
264 1713 354 1794 Spu„
370 1713 421 1772 lib.
440 1716 491 1786 lll,
507 1730 573 1791 cap.
590 1715 624 1788 6,
637 1709 677 1770 nr.
691 1713 749 1770 let
764 1714 793 1771 5.

247 1804 336 1863 luxla
349 1801 492 1862 Analecta
499 1801 566 1880 jur.
586 1797 698 1880 pontif.
720 1803 809 1873 (mars
826 1803 913 1870 1857,
930 1802 980 1862 19⁶
994 1799 1095 1877 liro),
1112 1819 1178 1882 pro·

208 1890 303 1972 posita
313 1888 372 1949 luit
385 1907 515 1969 sequens
524 1888 649 1968 quaestio
658 1889 689 1950 S.
702 1889 734 1949 C.
746 1888 886 1968 Episcop.
898 1893 928 1950 et
937 1888 1058 1968 Regulo
1071 1911 1086 1947 o
1098 1889 1179 1950 Est-il

208 1999 223 2038 o
249 1978 327 2038 licite
345 1996 404 2038 oux
423 1975 680 2056 ecclesiastiques,
701 1975 798 2037 eleves
812 1995 870 2038 aux
884 1976 988 2038 ordres
1006 1978 1141 2056 majeurs
1154 1984 1180 2038 et

208 2088 224 2126 n
249 2083 438 2146 possesseurs
462 2064 683 2142 oeconomos,
699 2063 868 2145 d’acquerir
890 2065 932 2126 les
953 2065 1068 2127 actions
1089 2065 1131 2128 de
1157 2066 1181 2126 la

209 2177 224 2215 u
246 2155 366 2234 banque
376 2152 577 2216 commendite
587 2152 624 2214 de
633 2152 700 2214 Ν...
712 2152 788 2214 dans
798 2153 990 2214 lecas...uEt
1000 2171 1179 2234 responsum

210 2242 282 2304 luit:
298 2242 366 2303 rl'on
380 2241 478 2303 licere.
495 2242 600 2303 Nescio
614 2241 703 2321 igitur
725 2259 786 2322 quo
800 2241 996 2304 fundamento
1016 2241 1136 2305 dicatur
1154 2243 1180 2302 in

213 2330 348 2394 Prolem.
364 2329 399 2392 S.
416 2330 545 2412 Sulpicii
561 2333 608 2409 (n⁰
622 2333 712 2402 3255:
732 2351 747 2390 n
762 2331 792 2391 Si
806 2339 907 2392 aulem
927 2331 1074 2410 (clericus)
1089 2351 1180 2413 pecu·

210 2441 226 2480 u
251 2419 332 2480 niam
346 2418 426 2500 apud
441 2425 621 2480 mercatores
635 2419 777 2494 collocet,
789 2417 919 2481 fructum
935 2419 1028 2481 lixum
1041 2419 1087 2482 rel
1101 2421 1181 2482 inde

211 2509 481 2570 stemmatum...
514 2514 711 2588 recepturus;
737 2507 807 2568 item
831 2508 856 2568 si
883 2515 963 2570 emal
989 2509 1125 2570 actiones
1152 2509 1180 2570 in

210 2619 226 2660 o
249 2595 1181 2680 societatibusquaegallicedicunturencommenditenonrepu-

211 2708 227 2748 o
251 2693 330 2748 tatur
345 2685 526 2767 negotiari.»
541 2687 612 2747 Haec
626 2684 782 2746 manifeste
795 2683 944 2746 adversari
957 2684 1109 2764 videnlm,
1125 2687 1180 2749 sive

213 2776 304 2840 modo
323 2775 410 2837 dictae
430 2773 622 2836 declarationi
637 2773 667 2834 S.
684 2773 831 2854 Congreg.
848 2773 1003 2855 Episcop,
1018 2773 1081 2836 sire
1094 2791 1181 2858 supra

212 2866 312 2927 relatae
325 2863 483 2926 constitut.
497 2862 608 2924 Bencd.
624 2863 702 2938 XIV,
713 2861 900 2942 Apostole'cee.

252 2954 358 3016 Merito
373 2953 464 3032 igitur
484 2968 520 3012 ex
540 2949 587 3011 his
600 2949 680 3028 (licet
699 2952 735 3012 D.
757 2949 851 3011 Bouix
870 2949 1073 3027 contradicat,
1089 2951 1180 3015 Reme

214 3042 261 3106 des
274 3042 395 3102 sn'ences
409 3039 578 3107 ecclesiast„
598 3047 630 3098 n⁰
645 3042 693 3114 lt,
709 3059 739 3120 p.
755 3043 830 3115 tlt,
852 3040 922 3117 etc.)
941 3038 1179 3104 concludendum

214 3151 284 3195 cum
311 3137 432 3191 auctore
450 3125 660 3208 publicationis
683 3127 779 3188 Reone
800 3127 1002 3210 tlee‘olopique,
1020 3129 1136 3192 clericis
1152 3131 1179 3191 in

216 3219 307 3284 sacris
321 3216 457 3278 illicitum
477 3233 542 3276 esse
565 3233 666 3278 emere
684 3215 817 3278 notiones
835 3217 1009 3278 societatum
1030 3219 1180 3299 negotian-

215 3310 290 3371 tium
303 3313 355 3366 aut
367 3304 554 3366 cambiorum
572 3323 580 3364 :
603 3303 728 3366 Acleter
748 3303 920 3366 desectione
932 3303 1004 3366 mn
1021 3305 1061 3368 les
1073 3325 1180 3388 compu-

215 3397 296 3478 pnies
309 3393 343 3456 de
351 3411 503 3454 commate
512 3411 548 3452 ou
561 3392 596 3454 de
610 3391 731 3472 hocque.

256 3485 345 3544 2069.
361 3479 464 3552 Quoad
479 3480 623 3560 negotial
637 3478 718 3540 laicis
728 3480 861 3561 incepta,
874 3488 897 3542 si
908 3481 945 3543 ad
954 3481 1097 3544 clericum
1110 3501 1179 3563 quo

217 3570 261 3634 vis
274 3570 360 3631 titulo
378 3568 560 3638 delerentur,
575 3566 673 3626 statim
688 3576 757 3627 sunl
770 3567 958 3636 dimittenda,
971 3569 1053 3648 juxta
1067 3571 1178 3631 Bullam

219 3661 240 3719 Α
246 3657 392 3735 postolicoe
401 3653 492 3716 modo
501 3653 635 3725 citatam;
647 3652 671 3714 si
681 3661 782 3716 autem
791 3653 898 3715 dimitti
913 3673 974 3716 non
989 3657 1104 3732 possint
1117 3657 1179 3718 sint
