2486 3984
198 200 253 271 ¹¹²²
400 245 541 290 oenones
560 239 661 288 sortus
680 238 762 286 runts
783 236 930 286 ctuoutot.

181 345 405 410 damnationem
413 338 985 426 propositionisnroddrelataelectameb
993 339 1164 416 ttestttr,

182 443 211 498 et
226 455 279 518 per
292 437 394 497 Goost.
407 435 522 498 Beoed.
539 438 603 498 Xlll
618 435 656 496 de
676 437 737 516 qua
753 450 843 514 supra
865 433 978 508 (tot-tt.
997 429 1071 491 Vide
1086 431 1164 490 Fer-

182 526 275 596 raris,
293 523 347 598 io,
365 537 398 585 n⁰
412 529 462 586 62.
483 527 574 586 Bouix
589 533 690 586 temen
714 541 774 585 non
789 519 926 583 concedit
941 520 1021 602 qudd
1035 536 1164 600 semper

182 613 296 692 possint
311 613 431 675 limitari
447 613 600 676 laotrltotes
614 613 802 694 regularibus
824 629 975 673 concessae
989 610 1069 671 circe
1084 628 1163 670 oon·

180 701 359 764 sessionem:
375 703 442 766 vide
457 703 501 764 De
517 703 671 784 Episcopo,
687 709 761 764 tom.
777 705 807 776 2,
824 720 855 780 p.
874 702 944 766 250.
960 705 991 762 et
1006 698 1047 760 Ile
1065 697 1166 777 [lepu-

183 789 304 867 torilos,
320 799 394 854 tom.
410 796 440 862 Ξ,
458 811 489 872 p.
505 795 575 867 cat,
591 796 660 866 228,
676 796 748 864 ele,
764 796 794 852 et
813 788 890 866 intra
902 787 1029 850 dicenda
1043 791 1163 864 (2894).

222 881 310 942 teto.
335 880 395 941 Etsi
417 879 494 941 sorte
509 899 570 942 non
591 899 711 960 semper
725 879 823 954 licite,
839 883 939 939 temen
960 877 1045 955 juxta
1060 878 1090 940 S.
1113 877 1164 937 Li-

181 986 282 1048 guor.,
298 968 350 1031 lib.
367 973 397 1044 6,
414 978 447 1030 n⁰
467 973 544 1045 570,
564 991 579 1027 o
593 969 688 1030 valide
702 967 826 1031 absolvit
840 967 865 1028 is
879 965 1028 1047 qui'audit
1040 967 1167 1028 oonl'es-

182 1077 195 1114 o
221 1057 338 1134 siooes,
368 1066 516 1140 praesente
543 1058 588 1120 vel
616 1059 752 1130 sciente,
782 1064 812 1119 et
839 1075 900 1118 non
931 1054 1166 1118 contradicente

181 1166 196 1205 a
220 1145 430 1226 Ordinatio...,
445 1149 493 1212 cui
516 1154 632 1210 constat
646 1166 715 1210 eum
730 1145 852 1208 aliunde
866 1163 927 1206 non
943 1144 1052 1205 haltere
1067 1145 1166 1220 juris
1229 1185 1230 1204 i

180 1254 196 1292 n
219 1233 476 1318 dictionem,quia
490 1244 562 1300 tunc
573 1236 766 1317 praesumitur
774 1236 861 1296 tacite
871 1253 937 1296 eoo·
952 1233 1034 1306 dare;
1046 1233 1165 1296 sullicit
1229 1209 1230 1294 l

180 1343 195 1380 a
220 1326 303 1386 enim
320 1372 341 1388 ..
366 1325 527 1388 facultas...
544 1333 745 1407 praesumpta,
762 1325 854 1385 modd
875 1324 1070 1405 praesumptio
1085 1323 1162 1385 lun·

181 1433 196 1470 o
220 1412 308 1476 detur
323 1415 353 1476 in
372 1415 466 1496 signis
480 1433 548 1495 quae
570 1414 704 1476 indicent
723 1431 905 1475 eonsensum
928 1419 1161 1493 praesentem.»

181 1501 247 1564 Non
262 1503 372 1564 suffieit
385 1513 486 1565 autern
502 1501 745 1585 presumptione
760 1502 861 1564 loturo
870 1511 1029 1563 consensu.

154 1607 169 1618 ¹·
222 1594 308 1654 tstt.
332 1593 454 1666 Ouaerit.
482 1597 513 1654 l⁰
538 1596 584 1654 ltn
609 1609 717 1654 omnes
744 1591 912 1654 sacerdotes
939 1589 989 1651 alt·
1004 1590 1164 1673 Episcopo

180 1682 335 1761 approlteti
346 1685 464 1765 possint
476 1682 682 1745 confessiones
696 1681 800 1743 audire
810 1681 874 1741 sine
883 1681 1002 1742 luentia
1013 1681 1163 1761 parochi?

222 1776 392 1852 Antequam
408 1771 480 1833 huic
499 1770 657 1851 quaestioni
673 1769 813 1842 satisfiet,
830 1769 1020 1832 referendum
1035 1777 1079 1832 est
1093 1772 1163 1832 sel-
1230 1819 1231 1826 ,

181 1861 242 1919 lem
261 1877 297 1920 ex
313 1869 413 1940 parte,
429 1879 495 1940 cap.
520 1863 568 1926 tc,
584 1859 650 1920 libri
666 1863 683 1919 5
700 1859 859 1924 Decretal..
874 1859 919 1919 tit.
936 1861 976 1922 stt
992 1878 1000 1919 ι
1020 1860 1163 1922 «Omnis

181 1967 196 2004 s
221 1947 377 2028 utriusque
391 1951 481 2010 sextis
495 1947 610 2022 fidelis,
627 1955 785 2029 postquem
800 1947 837 2010 ad
858 1965 954 2010 anuos
967 1947 1163 2012 discretionis

180 2057 196 2094 u
221 2038 405 2116 peruenerit,
427 2037 529 2098 omnia
549 2056 603 2098 sua
625 2038 707 2098 solus
729 2045 870 2118 peccota,
891 2038 996 2100 saltem
1015 2038 1112 2100 semel
1129 2041 1160 2101 in

180 2144 196 2182 o
221 2141 302 2184 anno
317 2123 442 2186 fideliter
455 2124 634 2187 confiteatur
643 2125 768 2207 proprio
781 2125 961 2188 secerdoti...
978 2127 1008 2188 Sl
1023 2127 1091 2208 quis
1106 2148 1162 2191 au-

181 2233 196 2273 r
220 2219 280 2273 torn
295 2213 391 2275 alieno
412 2213 556 2276 sacerdoti
578 2213 722 2290 voluerit,
735 2215 814 2293 jusit
832 2214 870 2277 de
893 2219 998 2284 causa.
1016 2235 1071 2278 sua
1084 2237 1162 2279 oro-

182 2321 196 2362 r
222 2301 297 2362 fiteri
318 2311 459 2384 peccate,
488 2302 637 2366 licentium
665 2303 748 2384 priirs
775 2303 904 2386 postulet
931 2313 960 2366 et
982 2303 1113 2366 obtinent
1142 2327 1161 2368 a

181 2412 196 2450 o
220 2392 340 2473 proprio
352 2391 516 2464 secerdote,
533 2397 605 2454 clun
619 2392 703 2454 aliter
724 2393 787 2475 ipse
809 2393 894 2458 illum
910 2413 971 2456 noo
992 2403 1092 2476 posset
1106 2396 1161 2457 au

182 2501 197 2539 s
222 2481 334 2544 soluere
348 2483 393 2544 vel
409 2483 538 2563 ligare.»
556 2485 689 2544 -Nune
706 2501 713 2544 τ

222 2571 310 2650 Resp.
327 2572 369 2630 Ex
392 2571 513 2652 praefato
527 2589 644 2632 canone
658 2578 774 2634 certum
790 2578 834 2633 est
851 2570 1074 2636 consessionem
1089 2591 1159 2636 esse

182 2655 347 2719 faciendam
368 2661 489 2741 proprio
508 2659 674 2734 sacerdoti,
697 2660 741 2720 vel
755 2708 763 2736 ,
779 2662 802 2722 si
824 2661 923 2724 alieno
938 2661 1011 2736 fiat,
1033 2663 1158 2726 nonnisi

180 2747 219 2806 de
234 2749 350 2809 licentia
367 2749 478 2830 proprii
494 2748 666 2817 sacerdotis,
679 2748 811 2830 alioquin
826 2750 974 2812 absolutio
982 2751 1038 2812 ecit
1051 2752 1156 2814 nulla:

181 2835 233 2897 sed
248 2855 301 2917 per
321 2839 476 2920 proprium
491 2837 695 2912 sacerdotem,
712 2857 773 2899 noo
789 2843 905 2900 tanturn
927 2841 1052 2921 intelligi
1067 2841 1158 2904 debet

182 2933 349 3007 parochus,
365 2927 417 2989 sed
437 2929 528 2990 etium
550 2929 716 3008 Episcopus
735 2927 942 3000 discessum,
959 2931 1052 3010 ipsius
1073 2931 1159 2992 Vica-

183 3015 244 3076 rius
257 3021 287 3077 et
303 3017 334 3078 S.
350 3017 488 3078 Pontiler
505 3017 557 3098 qul
571 3019 652 3079 certe
666 3024 738 3078 suot
750 3019 840 3079 etiarn
855 3018 969 3100 proprii
986 3017 1158 3082 sacerdotes

186 3109 212 3165 et
236 3104 371 3166 altiorem
394 3109 487 3188 quim
514 3103 637 3186 parochi
656 3106 898 3185 jurisdictionem
920 3107 952 3170 in
976 3109 1157 3190 poenitentes

183 3193 346 3272 possident.

221 3283 309 3344 lnitio
330 3283 428 3346 saeculi
449 3287 532 3363 XlV,
557 3289 689 3349 loannes
712 3288 756 3348 De
775 3287 896 3350 Polioco
919 3286 1036 3348 dixerat
1061 3287 1154 3368 quod,

183 3380 276 3432 stante
289 3374 381 3434 otonis
395 3375 544 3458 utriusque
556 3377 641 3437 sectis
654 3385 725 3452 elo,
735 3377 855 3454 Edicto,
864 3377 1009 3437 Romanos
1019 3377 1156 3456 Pontifex

214 3531 222 3558 ¹
241 3493 356 3576 ttotonroa
370 3526 415 3576 luit
425 3527 561 3593 insupereb
574 3525 710 3576 Alexandro
718 3525 755 3575 Vll
767 3523 814 3576 elia
824 3523 957 3592 propositio
966 3523 1002 3573 sie
1011 3539 1039 3574 se
1049 3523 1154 3574 liabens:

184 3597 339 3648 «Setislouit
365 3608 484 3664 precepto
512 3613 599 3649 annue
628 3599 806 3656 consessionis,
829 3596 871 3662 qui
898 3597 1030 3646 conlitetur
1049 3593 1155 3660 regulari

186 3685 196 3718 ι
215 3669 337 3735 Episcopo
350 3677 510 3729 presentato,
521 3669 567 3721 sed
580 3669 610 3720 ab
623 3683 653 3720 eo
667 3669 757 3731 injuste
767 3667 907 3732 reprobato.
927 3685 937 3716 ι
