2534 3996
196 293 201 298 ,
422 259 426 267 -
521 247 607 294 maan
627 247 743 296 narnus.
1058 235 1117 298 dub

152 332 306 405 Ferraris,
321 332 408 410 ibid,
423 339 458 392 n·
472 333 529 408 tt,
543 329 595 393 ubi
605 330 636 392 iu
650 330 858 412 probationem
871 333 972 414 plures
985 331 1118 396 referun-

152 425 202 482 tur
218 419 397 484 decisiones.
997 431 999 438 '
1016 483 1019 490 .

192 511 260 570 Non
281 517 326 572 est
339 509 466 574 dubium
480 509 554 593 quin
573 507 710 572 vicarius
723 509 876 575 Generalis
888 512 980 594 possit
998 512 1116 595 Capitu-

153 596 189 660 lis
202 597 392 676 intervenire,
407 601 431 662 si
442 601 481 663 sit
491 598 660 661 Canonicus
674 605 705 660 et
717 606 751 661 ut
764 599 830 662 talis
845 602 961 663 assistat
975 620 1030 664 suo
1051 602 1117 666 loco

155 691 184 748 et
196 686 289 768 gradu
303 706 310 747 :
325 687 356 748 in
371 707 434 769 quo
447 705 519 751 casu
533 693 634 749 votum
648 685 783 749 emittere
798 696 903 769 potest.

193 775 266 836 ltem
289 776 320 837 in
336 778 464 858 negotiis
476 776 653 839 dioecesanis
666 793 722 858 pro
740 777 850 858 quibus
864 779 1025 860 requiritur
1043 798 1117 842 con-

153 863 253 926 silium
268 865 313 927 vel
333 884 498 928 consensus
517 864 662 947 Capituli,
685 864 819 928 Vinarius
839 876 935 949 potest
954 887 1119 932 convocare

153 953 341 1034 Capitulum3
357 955 428 1016 item
449 959 546 1037 potest
558 953 585 1016 ei
600 953 779 1016 intervenire
792 955 831 1017 ad
844 956 993 1019 sedandos
1005 957 1117 1020 tumul·

152 1047 271 1105 tuantes
285 1043 461 1118 Canonicos,
471 1062 509 1107 ne
521 1043 654 1106 oriantur
667 1041 824 1121 scandala;
840 1044 893 1107 sed
906 1043 989 1117 iniis
1000 1046 1119 1110 casibus

152 1148 216 1194 non
230 1130 319 1194 habet
327 1133 377 1212 jus
390 1139 493 1195 votnm
506 1131 671 1195 emittendi.

192 1222 268 1283 Item
289 1221 467 1285 intervenire
492 1229 588 1304 potest
613 1221 750 1285 Vicarius
769 1223 794 1284 si
813 1221 921 1286 alicubi
940 1224 1007 1287 talis
1023 1224 1121 1307 vigeat

153 1309 361 1384 cousuetudo,
376 1311 421 1372 rel
436 1310 460 1372 si
475 1311 515 1372 ita
528 1309 690 1392 disponant
703 1313 817 1372 Statnta
831 1313 967 1394 Capituli.
984 1315 1026 1376 lta
1037 1312 1120 1376 deci·

154 1416 222 1462 sum
236 1401 296 1462 bs.
308 1401 431 1478 Congu,
443 1402 461 1461 5
472 1399 543 1461 maii
552 1403 641 1478 tans,
655 1398 745 1462 refert
754 1405 833 1461 auct.
848 1402 986 1464 Proelect.
1001 1400 1037 1464 S.
1052 1401 1120 1463 Sal-

151 1488 242 1570 pitii,
260 1498 294 1550 n⁰
308 1491 379 1552 389.

191 1581 282 1642 2300.
304 1579 378 1641 Tam
392 1577 559 1660 Episcopus
571 1579 663 1659 quam
681 1576 817 1639 vicarius
834 1578 988 1641 Generalis
998 1580 1049 1658 jus
1065 1577 1119 1640 ba·

152 1665 359 1749 bentoogendi
369 1669 550 1749 Capitulum,
561 1667 597 1730 ad
608 1666 662 1729 sibi
674 1665 956 1729 exhibendoslibros
968 1667 998 1728 in
1010 1665 1120 1747 quibus

154 1756 336 1820 adnotantur
357 1757 555 1819 resolutiones
568 1755 750 1838 Capit-alares
766 1756 856 1816 etiam
879 1761 1048 1835 spectantes
1070 1773 1121 1817 ne-

154 1846 235 1928 gotia
244 1846 433 1928 particularia
443 1845 584 1928 Capituli;
596 1845 671 1906 ratio
682 1851 724 1906 est
735 1844 863 1925 quiajos
872 1843 983 1906 babent
997 1843 1120 1906 narrandi

155 1951 195 1998 ne
215 1934 288 1998 liant
301 1935 499 1998 resolutiones
510 1935 571 2014 juri
585 1934 751 1996 contraria.
768 1932 800 1994 ld
822 1933 928 2015 probat
951 1932 1120 1996 Scarlantn·

154 2023 225 2088 nius
236 2023 325 2087 variis
336 2024 571 2088 auetoritatibus.
587 2021 662 2084 Vide
673 2022 778 2100 Bouix,
789 2020 987 2104 Deceptae..
1005 2039 1036 2103 p.
1048 2024 1118 2084 291.

499 2249 508 2258 -
535 2213 688 2273 PUNclUtt
707 2213 749 2273 lv.

220 2348 261 2394 an
281 2347 320 2394 ar
339 2347 405 2400 oua
424 2346 576 2395 nrrsaoens
596 2345 737 2392 merrom
755 2345 924 2425 ennarrans
942 2345 1050 2395 sossrr.
1187 2333 1191 2340 '

196 2482 284 2542 aaut.
309 2479 408 2540 Potest
420 2477 587 2560 Episcopus
597 2474 733 2558 capitulo
741 2473 916 2556 praecipere,
927 2473 1019 2536 modd
1033 2473 1071 2537 ab
1083 2491 1120 2538 eo

157 2587 218 2630 non
234 2567 300 2649 plus
314 2567 412 2648 exigat
431 2570 523 2647 quam
537 2583 670 2628 canones
683 2563 858 2646 permittunt
874 2581 882 2623 t
899 2563 973 2624 ratio
987 2569 1031 2623 est
1051 2564 1121 2641 quia

155 2659 323 2740 Episcopus
342 2655 581 2736 jurisdictionem
598 2653 704 2730 habet,
720 2670 781 2714 non
802 2657 918 2712 tantum
942 2651 971 2710 in
987 2651 1121 2729 singulos

154 2747 300 2824 clericos,
315 2745 366 2808 sed
382 2753 412 2808 et
433 2743 463 2806 in
476 2744 576 2825 ipsum
596 2741 765 2824 Capitulum
779 2737 978 2817 cathedralis,
992 2741 1079 2817 cuius
1096 2739 1120 2802 si

156 2848 224 2920 quae
238 2837 310 2899 olim
325 2834 414 2898 luerit
426 2833 595 2914 exemptio,
610 2830 725 2894 sublata
738 2837 783 2891 est
794 2827 969 2910 perConcil.
985 2827 1118 2892 'trident
1204 2832 1209 2844 '

157 2928 244 3007 (sess.
261 2929 298 3000 6,
315 2942 382 3006 cap.
403 2921 489 3000 6,'de
502 2920 584 3002 rep).
599 2955 639 2967 -
653 2919 738 2980 Ratio
751 2924 851 2979 autern
866 2915 1050 2980 limitationis
1067 2937 1121 3000 ap·
1230 2917 1232 2924 ⁴

155 3015 260 3098 posita
275 3013 400 3095 estquis
414 3011 631 3092 Episcopomm
642 3005 809 3087 jurisdictio
825 3007 843 3068 a
856 3007 887 3068 S.
911 3005 1054 3069 Pontidce
1067 3006 1121 3068 de·

156 3104 267 3189 pendet
284 3103 382 3184 qunad
396 3099 628 3182 assignationem
640 3097 771 3159 rnateriae
784 3103 814 3158 et
826 3093 1039 3173 subiectorum.

195 3197 268 3256 Haeo
282 3193 404 3274 insuper
418 3189 536 3271 probari
551 3192 677 3269 possunt
693 3184 841 3267 cacapite
856 3183 1072 3266 Corque-ente,
1087 3181 1122 3246 de

155 3285 235 3366 offic.
245 3280 343 3363 judic.
358 3277 531 3355 ordin.,ubi
544 3276 653 3338 dicitur
668 3293 677 3337 r
695 3276 816 3336 «Nos...
830 3273 1028 3345 decrevimus,
1043 3279 1075 3334 ut
1090 3271 1120 3334 in

155 3370 329 3435 aecclesiis
352 3387 405 3432 seu
431 3365 553 3449 capellis
580 3374 638 3428 tau
666 3363 810 3434 diocesis,
845 3360 882 3424 ad
906 3360 1121 3423 monasterium

155 3486 170 3522 n
197 3462 297 3544 ipsum
320 3445 545 3540 spectantibus,
566 3452 676 3516 babeas
699 3451 876 3515 canomcam
893 3448 1120 3528 obedientiam,

156 3574 171 3612 r
196 3548 413 3629 subjectionem
427 3552 456 3608 et
470 3543 676 3618 reverentiam,
692 3540 909 3604 institutionem
922 3545 951 3600 et
959 3537 1122 3600 destitutio·

156 3661 171 3702 ο
196 3657 285 3716 nem,
298 3633 515 3700 correctionem
529 3637 558 3694 et
574 3630 835 3706 reformationem,
850 3644 886 3688 ao
899 3641 1058 3689 censuram
1071 3643 1121 3687 sc·
