2528 3996
479 261 564 308 arasa
586 261 702 308 rnrnus.
1017 248 1076 312 ald

99 357 164 440 quit
178 359 290 421 Suarez
303 357 480 440 (benetia,
497 363 582 420 tract.
599 361 637 430 8,
654 357 707 419 lib.
723 363 762 436 2,
778 377 805 422 c.
821 361 877 437 26,
894 365 967 437 md,
984 364 1073 440 etc.):

102 469 119 506 o
141 449 336 528 Unaquaeque
352 446 560 510 Communitas
578 446 667 508 habet
686 447 736 527 jus
754 445 910 529 proprium
929 449 1074 512 adminis-
1193 462 1195 466 ·

97 558 113 595 a
139 535 236 598 lrandi
261 555 316 599 sua
335 537 434 614 bona,
458 553 519 617 quo
540 555 602 598 non
624 535 754 617 privatur
777 536 982 602 Communitas
1003 541 1072 600 reli-

99 647 114 684 υ
140 625 243 708 gimo,
264 627 301 688 ed
323 625 406 707 qudd
421 625 559 706 religiosa
574 625 639 686 sit:
664 625 734 706 quia
755 621 818 688 bon
837 640 986 708 repugnat
1006 637 1073 692 voto

98 736 114 772 a
140 714 322 795 paupertatis
342 713 550 797 singulorum,
567 713 623 776 nisi
637 713 695 776 hoc
713 715 804 777 etiarn
824 715 990 778 voluntarie
1004 729 1073 798 pro·

99 825 115 862 »
139 801 301 866 sileatur.»

139 893 260 954 Dictum
272 893 321 973 Jus
344 892 453 956 residet
467 891 611 975 primarid
625 892 656 954 in
681 892 903 956 Ccmrnunitale
917 895 982 976 ipsa
995 915 1070 978 qua-

101 987 188 1044 tenus
201 981 268 1058 tali;
293 1000 355 1044 non
377 991 477 1045 autem
498 981 611 1044 inulla
634 980 772 1044 membro
792 982 917 1044 seorsim
937 993 1071 1066 suroplo;

101 1070 153 1132 sed
167 1073 238 1151 quia
253 1091 314 1134 non
329 1079 427 1154 polest
440 1071 572 1134 exerceri
588 1073 718 1152 practice
734 1073 750 1133 a
765 1077 825 1132 tota
840 1073 1072 1151 Communium,

101 1165 229 1222 statuere
243 1168 340 1241 potest
362 1162 427 1242 ipsa
445 1160 652 1223 communitas
672 1165 707 1221 ut
729 1159 886 1222 dPraelato
900 1179 970 1224 cum
986 1163 1073 1225 abso-

100 1246 162 1311 luta
185 1248 434 1331 impendentia,
454 1249 500 1312 vel
520 1267 591 1311 oum
611 1247 737 1311 consilio
750 1256 802 1311 aul
815 1267 965 1312 consensu
986 1252 1072 1332 Capi·

99 1337 175 1413 tuli,
201 1345 392 1417 exerceatur,
421 1339 511 1401 etiam
538 1335 713 1412 alienando,
741 1337 831 1399 modd
860 1337 891 1400 in
917 1339 1073 1402 utilitatem

101 1429 273 1490 monasterii
289 1435 319 1490 el
334 1447 393 1490 non
409 1428 439 1489 in
454 1427 669 1489 detrimentum
685 1427 750 1504 ejus
764 1425 814 1488 liat
828 1427 977 1490 alienatio.

142 1519 209 1576 Non
222 1516 318 1578 obstet
331 1517 414 1598 qudd
427 1517 597 1580 dominium
612 1514 762 1576 bonorum
776 1514 983 1595 religiosorum
999 1519 1072 1581 resi·

102 1604 172 1666 deut
189 1604 276 1666 etiam
298 1605 378 1688 apud
393 1607 424 1668 S.
440 1604 637 1678 Pontificem,
653 1605 693 1665 ila
707 1610 740 1665 ut
753 1604 846 1685 possit
860 1607 939 1686 Papa
959 1607 1014 1667 sibi
1030 1627 1072 1670 re·

103 1711 220 1756 servare
234 1693 461 1776 dispositionem
476 1691 648 1772 hujusmodi
669 1692 818 1754 bonorum
832 1712 838 1754 :
855 1711 925 1754 nam
939 1693 998 1757 hoc
1011 1715 1073 1758 non

102 1781 228 1862 impedit
249 1783 412 1864 quominus
429 1784 483 1863 jus·
501 1781 540 1844 de
560 1781 596 1842 iis
618 1780 796 1862 disponendi
819 1789 974 1844 remaneat
993 1785 1073 1866 apud

100 1872 374 1944 (inmunitatem,
391 1871 538 1954 quamdiu
552 1873 633 1951 Papa
647 1871 701 1932 sibi
718 1889 779 1932 non
794 1872 1004 1950 reservaverit;
1021 1875 1073 1936 sed

98 1961 150 2040 jus
162 1961 391 2023 Communitatis
404 1959 617 2023 subordinatur
625 1961 791 2022 auctoritati
801 1962 831 2022 S.
843 1960 1008 2038 Pontificis,
1021 1963 1072 2044 qui

102 2048 176 2112 illud
187 2051 368 2131 restringere
382 2057 432 2112 aut
445 2049 578 2110 adimere
592 2054 689 2130 potest
710 2056 831 2131 propter
845 2052 1073 2130 supereminens

101 2139 151 2218 jus
164 2138 246 2220 quod
260 2137 350 2201 habet
362 2138 393 2201 in
411 2138 514 2202 omnia
533 2137 614 2200 bona
634 2138 843 2201 ecclesiastica.
859 2138 935 2202 Vide
954 2139 1070 2221 Bonis,

103 2227 158 2301 ila,
174 2247 205 2308 p.
221 2231 299 2300 273,
316 2231 384 2290 278.

144 2321 232 2380 aaut.
256 2317 390 2379 Dicimus
403 2318 433 2378 2⁰
449 2335 457 2377 ε
473 2315 599 2378 Seclusr's
615 2315 790 2399 specialibus
809 2317 1073 2382 Coastitalicnidus

101 2405 272 2489 approbatis
281 2425 349 2487 quae
358 2407 507 2488 Episcopo
516 2423 688 2485 supremam
698 2405 940 2468 administrandae
952 2407 992 2469 rei
1001 2417 1074 2470 tem·

102 2495 215 2577 perulis
236 2495 362 2575 alicujus
385 2493 504 2556 familia>¹
524 2493 670 2574 religiosae
691 2501 866 2574 potestatem
880 2495 1071 2573 attribuisset,

101 2585 271 2666 Episcopus
285 2585 390 2665 nequit
403 2601 467 2646 sese
481 2583 618 2664 ingerere
632 2583 663 2644 in
677 2582 755 2644 hanc
768 2582 1071 2661 administrationem,

102 2692 163 2738 nee
182 2673 264 2736 illam
285 2679 380 2756 polest
403 2673 599 2754 restringere,
625 2671 696 2753 quia
716 2671 772 2733 boc
790 2672 936 2753 pertinet,
959 2691 1020 2734 non
1036 2675 1072 2737 ad

102 2763 364 2844 jurisdictionem,
379 2761 432 2824 sed
454 2762 492 2823 ad
511 2767 687 2842 potestatem
701 2759 914 2822 dominativam
927 2809 935 2837 ,
950 2769 983 2824 nt
996 2765 1072 2826 Doc-

104 2859 186 2916 tores
200 2851 401 2916 communiter
414 2850 549 2926 tradunt;
562 2851 671 2930 porrd,
687 2849 803 2912 secluso
817 2847 936 2930 speciali
952 2859 1071 2930 statuto,

104 2941 272 3023 Episcopus
281 2940 369 3003 babet
378 2939 502 3022 quidem
513 2937 754 3018 Jurisdictionem
765 2937 927 3019 quamdam
943 2939 973 3002 in
988 2941 1075 3023 huju-

104 3029 189 3092 modi
209 3029 307 3106 bona,
327 3028 380 3091 sed
402 3028 516 3091 nullam
537 3027 626 3089 babet
647 3032 823 3108 potestatem
841 3025 1071 3107 dominativam,

104 3118 197 3182 etiarn
212 3117 312 3204 quoad
326 3117 578 3199 congregationes
593 3116 765 3178 mulierum.
783 3117 857 3178 Vide
871 3117 948 3180 infra
962 3121 1071 3199 (2984).

147 3211 311 3271 aaut-1⁰
322 3205 582 3288 Episcopusbabet
590 3205 624 3265 in
633 3205 689 3266 illu
702 3203 1074 3288 bonaqucmdomjroa'sdic-

86 3229 358 3398 blancanicum
372 3294 543 3374 hujusmodi
555 3293 778 3374 jurisdictionis,
788 3302 885 3377 potest
897 3313 1035 3358 coercere
1046 3304 1075 3358 et

107 3386 217 3472 punire
226 3386 332 3448 delicta
341 3403 410 3468 quae
419 3387 451 3446 in
460 3383 715 3446 administratione
722 3385 826 3446 talium
838 3385 986 3446 bonorum
995 3403 1075 3446 ccm-

108 3476 315 3541 milterenlur:
331 3476 354 3536 si
370 3492 479 3554 nempe
497 3471 730 3554 dilapidarentur
748 3480 797 3535 aul
812 3473 913 3534 nimiis
925 3472 1033 3536 debitis
1046 3482 1076 3537 el

108 3565 254 3631 oneribus
263 3571 467 3646 gravarentur.
478 3563 555 3626 Casu
564 3579 636 3643 ergo
645 3580 706 3643 quo
720 3561 887 3643 legitimum
901 3560 1077 3626 fundamen·

109 3663 178 3721 tum
191 3653 280 3718 habot
299 3651 481 3739 formidandi
497 3650 622 3744 natales
644 3655 695 3714 aut
713 3649 826 3761 Q
845 3667 984 3715 arcemn
997 3669 1077 3716 cour·
