2550 3992
309 275 397 322 susa
418 273 579 322 sacurem.
601 291 642 306 ...
662 272 848 324 arecamces.
1006 259 1067 326 685

91 389 312 454 rationabilem
337 404 466 454 causam
503 409 567 453 nou
597 393 711 472 potuit,
741 392 792 456 die
827 393 986 458 dominica
1019 397 1069 460 rel

91 481 180 554 festo,
203 479 375 544 secundam
406 480 532 542 missam
556 481 731 559 celebrare,
750 491 897 544 teneatur
923 503 977 564 per
993 484 1069 547 lreb·

89 571 258 648 domadam
274 571 433 650 applicare
453 569 582 630 missam
601 589 654 652 pro
671 573 789 654 populo
810 573 955 636 secundm
977 592 1069 652 paro-

89 659 169 721 clrire
185 675 193 732 ;
211 662 255 720 rel
274 667 378 721 utum
396 659 531 720 sul'liciat
547 667 581 722 ut
603 661 729 722 unicam
748 661 888 730 misam.
905 681 1000 744 quam
1017 665 1068 728 die

89 747 247 810 dominica
265 747 311 809 rel
336 748 413 810 osto
435 747 585 826 celebrat,
607 749 745 830 applicet
768 769 826 832 pro
849 751 968 834 populo
985 752 1066 815 dua-

88 855 160 900 rum
177 855 303 898 ·uarum
322 836 542 918 parochiarum
562 839 577 896 ‘l

127 932 160 990 2·
177 925 287 990 Utrum
309 925 421 988 diebus
446 927 531 988 lestis
545 927 741 1007 suppressis,
764 928 796 989 in
821 928 938 1010 quibus
957 929 1067 994 binam

88 1016 218 1078 missam
244 1015 424 1078 celebrandi
448 1033 515 1078 non
543 1015 638 1079 habet
659 1015 855 1092 facultatem,
879 1015 1012 1082 sufficiat
1032 1031 1067 1084 ut

87 1105 187 1168 solam
204 1105 341 1177 missam,
357 1122 452 1184 quam
469 1103 574 1166 dicere
591 1113 702 1186 potest,
726 1107 863 1189 applicet
878 1125 936 1190 pro
950 1109 1067 1190 populo

85 1193 221 1257 duarum
246 1211 377 1256 suarum
404 1193 629 1274 parochiarum
646 1210 655 1268 ;
673 1197 718 1256 rel
742 1208 862 1272 utrum,
883 1199 978 1260 altera
1001 1197 1063 1273 die,

87 1291 232 1345 teneatur
247 1281 419 1345 secundam
441 1280 569 1344 missam
586 1299 644 1363 pro
667 1287 786 1365 populo
809 1289 956 1349 secundae
972 1305 1065 1369 paro-

84 1370 167 1434 chiae
181 1371 367 1453 applicare?
389 1394 405 1428 o

127 1458 159 1524 S.
182 1459 389 1541 congregatio
403 1460 563 1542 respondit
581 1476 590 1523 :
609 1461 672 1522 «ad
691 1460 731 1521 1²
745 1460 932 1526 affirmative
946 1463 984 1527 ad
1001 1465 1064 1544 pri·

84 1570 170 1614 mam
197 1562 331 1633 partem,
359 1555 504 1631 negative
526 1551 566 1614 ad
587 1553 772 1614 secundam.
794 1552 887 1614 -ad
914 1555 956 1613 2¹⁰
976 1573 1065 1635 nega·

83 1644 149 1705 tire
163 1641 200 1703 ad
219 1639 351 1721 primam
368 1651 501 1722 partem,
521 1640 659 1704 allirmat
673 1659 708 1702 ve
725 1641 763 1703 ad
779 1641 962 1704 secundam.
991 1668 1002 1700 ι

126 1731 269 1793 Attamen
308 1732 403 1793 variis
438 1732 568 1795 indultis
606 1731 691 1794 hanc
732 1731 874 1812 regulam
911 1732 1066 1810 mitigavit

84 1823 117 1884 S.
132 1820 164 1884 C.
185 1819 218 1882 C.
245 1819 404 1883 Concessit
425 1821 544 1902 quippe
569 1829 603 1884 ut
623 1821 736 1884 diebus
758 1823 946 1904 suppressis,
970 1823 1065 1886 unica

82 1911 178 1972 missa
196 1910 351 1988 parochus
365 1909 484 1991 duplici
501 1911 686 1990 obligationi
710 1909 911 1982 satisfaceret,
935 1931 963 1975 r.
980 1934 1012 1993 g.
1032 1913 1064 1974 io

79 2001 236 2064 Nicerotis
253 1999 400 2074 ,limart
423 1999 499 2063 1887
516 2019 525 2075 3
543 2001 616 2063 item
628 2001 731 2083 quoad
752 2000 927 2065 dominicas
953 2009 984 2064 et
997 2001 1064 2065 dies

80 2089 177 2152 festos
194 2106 254 2151 oon
271 2107 466 2169 suppressos.
489 2091 613 2171 quoties
628 2090 785 2169 parochus
800 2091 898 2153 semel
912 2091 1062 2166 celebrat,

79 2175 521 2259 v.g.ioCotolcooea.‚9maii
537 2177 843 2262 1874;imocuando
855 2180 904 2242 bis
914 2173 1062 2256 celebrat,

77 2277 200 2330 retenta
234 2269 439 2347 eleemooyoa
474 2268 604 2331 alterius
631 2269 735 2332 missae
771 2269 876 2333 lavore
902 2271 1062 2333 seminarii

77 2357 262 2432 dioecesani,
281 2375 309 2418 v.
331 2377 361 2432 g.
380 2355 411 2418 S.
435 2355 468 2418 C.
492 2375 587 2438 super
614 2371 719 2436 negot.
742 2359 903 2422 extraord.
932 2365 969 2424 16
992 2360 1060 2424 dec.

78 2445 173 2522 1873,
188 2455 218 2508 et
233 2446 349 2527 saepius
365 2447 526 2527 deinceps.
542 2448 718 2526 Singularis
741 2453 848 2510 autem
871 2457 918 2509 est
933 2467 1063 2510 conces·

76 2538 127 2598 sio
146 2537 223 2598 rivae
238 2535 322 2596 rocla
337 2535 467 2598 oraculo
492 2533 648 2618 Episcopo
676 2533 739 2598 N...
757 2535 851 2610 lacta,
880 2553 943 2614 qua
971 2537 1063 2597 liceat

75 2623 290 2708 pauperrimis
302 2624 446 2703 parochis
457 2623 540 2686 banc
553 2623 698 2687 secundm
719 2625 821 2687 missae
831 2625 1061 2706 eleemosynam

75 2715 141 2779 sibi
156 2712 313 2777 retinendi
327 2731 336 2790 ;
351 2714 372 2778 8
385 2714 527 2778 decemb.
546 2714 634 2778 esst.
664 2715 838 2794 deuouisse,
860 2711 950 2788 1892,
968 2733 998 2796 p.
1009 2715 1060 2778 76.

426 2955 619 3020 arrarum
662 2955 713 3023 lv.

74 3107 164 3158 cruca
193 3107 473 3157 lllNlffll'ATlOlllffl
504 3109 706 3157 CONSGIENTlAE
738 3111 759 3156 Α
788 3110 967 3160 uourautsus
998 3111 1060 3158 NON

99 3187 311 3257 'utrumnam
333 3198 417 3246 cruca
439 3199 656 3248 comessamur
674 3199 841 3249 Hortamur!
879 3200 1061 3248 oubloanros

116 3289 155 3336 ET
171 3288 464 3348 EXtMOROENMlfflS,
490 3291 525 3336 ΕΤ
545 3291 749 3348 (ΣΟΜΙΙΙΙΜΟΝΙΒ
768 3289 930 3340 uictoria!
950 3293 969 3335 Α
990 3287 1061 3334 sold)

116 3377 314 3428 codrussaltto
341 3378 572 3428 GONCEDENDAM.

449 3471 495 3536 (ro
506 3485 531 3536 p.
546 3469 599 3534 rm,
615 3470 687 3536 sar.)

116 3584 272 3662 Quoniam
297 3596 418 3662 auctor,
444 3588 498 3652 bic
533 3589 630 3652 verba
666 3587 784 3654 taciens
813 3589 853 3653 de
886 3585 1059 3670 capellanis

177 3712 206 3760 r.
228 3713 261 3760 u.
932 3697 972 3759 20
