2522 3992
178 157 236 220 152
398 178 533 224 annuam
553 180 653 226 renus
672 179 754 226 rums
774 179 922 226 eruemur.

177 275 247 335 eura
260 292 329 355 quse
343 275 360 338 a
374 273 438 338 solo
461 275 541 358 Papt
555 275 592 340 slt
605 284 723 342 statuta.
740 275 815 340 Vide
829 273 927 340 Bouix
950 273 1017 354 (it,
1032 296 1064 360 p.
1083 280 1162 342 365.

178 361 257 429 368,
273 368 354 440 alo).

218 453 350 514 9582-
360 456 391 516 ³⁰
406 453 558 533 Similiter,
569 456 646 520 eirea
656 476 760 521 casum
773 475 835 540 qun
849 455 1070 518 monasterium
1085 453 1163 518 alie·

179 541 396 605 natumluirset
408 545 623 608 auctoritates.
636 547 802 624 Sedis‚non
812 546 890 608 lrent
900 544 956 606 silri
968 544 1162 607 coneorrlent

179 629 216 690 D.
235 626 329 693 Bouix
344 639 375 694 et
387 641 491 696 auctor
504 633 713 696 Analectorum
725 636 793 718 jur.
811 632 962 716 pontificii
981 633 1059 694 ·isle
1072 634 1161 696 enim

175 719 245 801 (ἓὲο
261 719 338 794 lirn,
356 721 412 785 col.
429 727 510 800 all),
527 723 722 806 loquendode
731 723 912 787 monialibus
926 729 994 784 rota
1007 721 1160 784 solemnia

180 808 402 891 profitentibus,
414 813 518 874 asserit
533 813 611 894 ipsas
626 833 688 878 non
702 832 789 897 posse
801 813 867 875 sine
877 813 909 874 S.
922 810 1000 874 Sede
1014 828 1048 874 se
1061 818 1162 874 trans·

179 897 256 960 serre
270 900 306 962 ad
323 901 411 962 aliam
425 901 550 965 domum
574 899 665 967 elie'm
688 903 824 984 eiusdem
839 901 895 964 loci
909 921 917 962 ε
937 901 1049 962 «Colle
1062 901 1159 964 rotili-

180 1009 195 1048 e
220 989 317 1051 oetion
333 989 384 1066 (du
400 991 611 1074 Saiot=Siegel,
628 993 744 1075 inquit,
760 1000 849 1074 ayant
860 991 1161 1053 reellementsecula·

180 1096 195 1136 r
221 1076 332 1148 risela
359 1079 512 1143 sundalion
539 1084 722 1166 religieuse,
751 1101 769 1144 a
796 1081 952 1163 supprime
985 1079 1159 1142 l’ancienne

180 1187 196 1225 ι
220 1167 353 1230 erection
376 1171 502 1232 emoneo
528 1171 570 1234 du
595 1173 815 1254 Salat-siege...
832 1171 968 1244 nonem
989 1186 1024 1230 oe
1043 1169 1110 1230 seul
1131 1177 1160 1232 et

180 1276 195 1313 n
220 1257 335 1336 unique
349 1259 436 1340 point
448 1259 486 1321 rle
507 1279 584 1339 rue,
601 1262 643 1323 les
666 1261 852 1323 monasteres
870 1275 908 1320 ne
925 1257 1089 1339 pouraient
1105 1277 1158 1338 per

180 1365 196 1404 a
221 1348 283 1407 etre
297 1348 417 1410 retentis
440 1367 510 1412 sans
529 1349 556 1412 le
577 1351 785 1430 Saint-Siage3
807 1370 822 1408 n
841 1365 898 1410 nee
919 1348 1011 1408 etiam
1027 1345 1059 1406 in
1075 1345 1158 1408 idem

182 1439 416 1514 monasterium,
437 1437 461 1500 si
484 1439 672 1520 contingeret
700 1439 772 1520 illud
796 1435 979 1518 recuperari.
1005 1436 1157 1498 Dominus

181 1523 275 1585 Bouix
289 1534 411 1587 econtra
425 1528 602 1608 generaliter
622 1527 750 1590 allirmat
769 1525 851 1608 quod
873 1524 1014 1586 alienatio
1036 1541 1158 1587 monas·

180 1613 244 1674 terii
267 1613 296 1675 in
317 1634 390 1678 casu
407 1617 580 1698 supposito,
596 1637 658 1679 non
680 1615 799 1699 perimit
811 1618 860 1696 Jus
874 1613 1060 1694 regularium
1081 1631 1156 1676 oon·

180 1704 355 1766 venlualiter
370 1705 399 1765 in
414 1705 519 1768 eadem
533 1707 648 1769 ciuitate
663 1707 791 1782 ellone,
809 1705 879 1766 lieet
893 1702 923 1762 in
938 1701 1157 1778 rodomense,

180 1793 343 1868 existenrli;
359 1795 433 1855 ratio
454 1803 515 1873 est,
531 1797 616 1874 juxta
638 1795 802 1870 eumdem,
818 1791 899 1873 quod
912 1793 961 1870 jus
974 1807 1158 1854 concessum

181 1881 212 1940 in
226 1881 326 1962 aliqua
342 1883 460 1946 ciuitate
481 1887 717 1948 conventualiter
731 1881 862 1957 uiuendi,
879 1899 941 1942 non
965 1879 1158 1960 restringitur

180 1969 216 2030 arl
232 1988 327 2031 unum
341 1969 573 2035 determinatum
587 1974 750 2036 aedilreium
760 1993 768 2049 ;
779 1973 817 2035 eo
827 1969 927 2053 quod,
943 1976 975 2031 ut
990 1969 1158 2049 supradixi·

181 2075 248 2118 mus
259 2061 372 2138 (loll),
384 2060 513 2140 religiosi
525 2063 656 2144 gaudent
670 2065 738 2141 jure
749 2081 781 2124 se
794 2057 992 2124 transferendi
1009 2057 1047 2120 ad
1061 2059 1156 2120 aliurn

180 2145 314 2224 eiusdem
327 2148 383 2209 loei
400 2153 502 2212 silum.
519 2151 647 2226 (Bouix,
663 2153 706 2214 De
724 2151 843 2234 Ιίρφιὶ.1
858 2168 888 2230 p.
905 2150 1060 2226 amors.)

219 2235 251 2296 ln
261 2235 430 2299 hoeultimo
440 2257 529 2303 sensu
539 2241 772 2322 pronuntiarunt
784 2240 845 2300 llll.
859 2237 1073 2314 Lovanienses,
1085 2245 1155 2302 anto

179 2325 1155 2411 annumlli3tt:agebaturindubioipsisproposiloderegularibus

182 2415 297 2494 angliae
311 2424 340 2478 et
358 2417 507 2480 Hiberniae.
526 2437 655 2500 quorum
668 2418 850 2480 monasteria
871 2414 956 2477 Sedis
976 2413 1155 2496 Apostoliooe

179 2505 352 2566 auctoritate
360 2505 848 2582 fuerantalienats3e1aneultate
857 2502 1030 2565 lovaniensi
1039 2523 1155 2584 quaere

178 2590 265 2656 batur
276 2601 376 2658 utrum
390 2595 501 2678 praelali
509 2597 661 2678 regulares
671 2644 679 2670 ,
691 2595 721 2657 in
733 2593 837 2657 iisdem
845 2591 1011 2656 civitatibus
1020 2591 1071 2653 ubi
1079 2593 1153 2655 olim

178 2679 346 2746 hnlruerant
366 2687 565 2758 monasteria,
581 2692 704 2767 possent
723 2683 818 2746 valide
835 2689 866 2745 et
884 2681 980 2756 licite,
996 2679 1061 2743 sint
1076 2689 1152 2744 nora

178 2773 393 2854 approbatione
413 2775 667 2849 ordinariorum,
691 2774 764 2836 alias
786 2773 893 2834 domos
916 2770 972 2832 sibi
996 2771 1152 2851 acquirere

179 2877 248 2922 oum
260 2861 378 2940 juribus
391 2871 421 2926 el
434 2863 596 2945 privilegiis
610 2863 719 2944 quibus
736 2860 907 2944 gaudebant
921 2860 952 2920 in
967 2858 1072 2941 priscis
1085 2877 1151 2921 mo·

180 2951 332 3027 rastellis,
343 2959 374 3014 et
386 2953 561 3032 affinitati-ue
574 2955 592 3014 a
605 2951 692 3014 dietis
705 2953 766 3013 llll.
783 2951 839 3012 luit
853 2965 1043 3030 responsum.
1059 2950 1150 3030 Ergo,

178 3044 234 3100 eto.
265 3041 392 3120 lnsuper
413 3040 469 3100 nisi
493 3039 522 3101 id
546 3042 669 3122 positive
687 3041 834 3122 exprimat
852 3040 884 3101 S.
906 3035 1063 3109 Pontifex,
1078 3037 1148 3099 alie·

179 3126 279 3188 nando
293 3128 527 3202 nonasterium,
544 3147 604 3190 non
628 3137 672 3192 est
693 3127 922 3212 praesumendus
934 3125 1064 3188 voluisse
1081 3143 1150 3209 spo·

176 3212 249 3276 liare
263 3215 415 3296 regulares
426 3217 494 3294 jure
508 3219 653 3280 existendi
668 3219 699 3280 in
713 3218 819 3280 eadem
833 3216 958 3280 civitate.
975 3217 1077 3296 Ergo,
1091 3224 1148 3278 eto.

178 3304 426 3386 Ouarrtaeumque
446 3315 546 3369 aulem
562 3308 598 3369 sit
611 3309 655 3370 vis
674 3308 782 3370 horum
801 3311 1067 3387 argumentorum,
1089 3323 1150 3367 non

179 3391 315 3452 ridentur
336 3393 462 3474 probare
481 3395 579 3476 quoad
597 3397 742 3458 moniales
761 3403 828 3458 rota
850 3393 998 3456 solemnio
1014 3393 1150 3456 emitten-

178 3479 240 3550 tes,
262 3481 332 3540 etrm
356 3481 418 3543 istra
440 3483 537 3545 virere
557 3483 688 3546 debeant
711 3485 767 3547 sub
789 3484 928 3548 clausuro
946 3500 1015 3562 oure
1035 3483 1051 3543 t
1071 3483 1148 3564 Papt

110 3627 111 3630 ,
179 3563 217 3623 sit
229 3568 408 3649 approbare,
424 3578 457 3634 ul
470 3591 549 3656 saepe
559 3571 622 3650 jam
635 3571 767 3637 ‹liximus
781 3575 873 3656 (2507
886 3617 895 3652 ,
910 3570 1015 3646 2543).
