2486 3984
420 211 506 265 mara
528 201 643 264 arturi.
956 188 1010 264 t'st

67 331 188 400 canones
202 327 285 390 enim
303 329 340 390 ab
362 327 535 392 adversariis
549 330 665 410 allegati
690 328 762 392 nibil
779 329 858 392 uliud
874 329 1012 412 probant,

68 419 191 500 nisiqudd
199 419 264 479 talis
274 419 440 480 collatiosit
453 420 566 483 illicita.
577 439 637 480 oon
650 421 723 482 voro
736 419 815 498 qnod
823 421 859 479 sit
871 419 1012 483 invalida.

66 507 315 571 Nareitarndicuut
324 511 443 570 obstare
452 509 669 571 textumnrodd
679 509 1013 588 allatuanno.'l'rid.‚

65 597 217 658 ubidicitur
231 598 324 659 irrito
338 598 467 678 provisio
479 597 616 660 beneticii
634 616 771 677 personae
782 596 906 658 inhabili
920 597 1013 662 lacta:

64 685 122 766 quia
133 687 236 748 dicitur
251 687 333 748 irrita
355 705 407 764 pro
428 686 541 760 illicite,
557 695 585 748 et
602 704 729 766 persona
744 686 855 750 dicitur
871 685 1014 748 inhabilia

64 792 108 836 sau
121 775 247 855 indigna,
265 794 324 836 non
340 776 411 838 vero
427 777 561 848 incapax.

96 868 174 928 ttdb.
190 865 353 926 Sipuntem
366 865 560 926 oonolnditS.
577 865 698 947 Lignor.
722 864 851 946 (ibr'd.):
879 886 895 926 a
915 864 1016 928 Prima

63 973 75 1010 a
96 953 228 1014 sententia
238 953 547 1036 rideturprobabilior
555 955 652 1035 (quia)
661 959 855 1018 onrmnunior
867 957 1015 1018 sententia

64 1061 76 1097 a
96 1043 147 1103 bb.
157 1043 198 1104 sio
208 1044 307 1123 legem
317 1042 512 1124 l'l'ridentin.)
527 1045 796 1124 interpretatur¹...
810 1045 867 1106 Sed
880 1044 938 1106 boo
953 1063 1015 1104 non

63 1149 75 1184 t
96 1129 228 1204 obstante,
244 1133 377 1194 secunda
393 1131 540 1194 sententia
555 1133 672 1194 videtur
686 1135 942 1215 satisprobabilia.
960 1136 1015 1196 llio

68 1229 185 1282 ttamen
206 1221 421 1282 advertendum
446 1221 540 1300 quod,
563 1223 662 1285 adhue
684 1231 781 1285 stante
808 1223 1015 1304 probabilitate

67 1307 177 1388 »bajus
201 1312 379 1385 sententiae,
407 1313 512 1390 nequit
540 1312 714 1392 irregularis
740 1330 773 1374 so
799 1312 961 1376 immittere
982 1313 1014 1375 in

68 1414 81 1453 ι
100 1398 307 1472 possessionem
320 1398 473 1470 benefioir;
489 1401 596 1478 quia...
610 1419 701 1464 neruo
711 1418 783 1464 oum
792 1403 937 1476 opinione
950 1421 1015 1478 pro·

69 1503 81 1540 r
100 1481 179 1548 babili
190 1493 288 1569 potest
302 1485 442 1550 inchoare
456 1485 677 1566 possesslouem
693 1489 736 1551 rei
751 1490 869 1553 aliene.
878 1485 900 1552 ι’

494 1615 513 1696 g
532 1617 568 1677 tr.

160 1745 300 1820 Quomodo
311 1747 484 1807 incurratur
491 1753 521 1808 el
536 1745 664 1807 tollatur
676 1744 902 1826 lmepnluritus.

102 1869 176 1932 ttoe.
198 1873 265 1933 lain
280 1871 414 1934 diximus
427 1889 518 1954 supra
532 1875 631 1952 (tter)
645 1890 802 1954 nunquam
818 1871 930 1936 incurri
945 1871 1018 1935 irre·

69 1955 300 2031 gularitalemnisi
310 1960 340 2022 in
349 1960 559 2041 legeexpresse
569 1960 723 2022 habeatnr.
734 1959 876 2024 Undersi
881 1961 950 2040 jura
958 1980 1019 2024 non

69 2065 80 2096 u
100 2057 259 2128 supponant
277 2049 341 2131 ipso
357 2049 437 2130 secto
460 2049 598 2111 ellectum
615 2049 731 2124 induci,
747 2050 798 2112 sed
814 2051 974 2132 requirunt
986 2057 1020 2114 ul

70 2154 81 2186 u
101 2153 179 2212 pena
192 2141 208 2198 ‘a
219 2137 322 2216 iudice
336 2137 501 2220 infligatur,
516 2147 632 2200 certum
644 2147 689 2202 est
702 2157 763 2202 uon
773 2157 838 2202 essa
847 2157 1019 2202 sermonem

69 2242 81 2276 r
100 2222 132 2284 de
145 2224 366 2307 irregularitate.
382 2249 398 2286 u
416 2229 583 2309 (Lequeux‚
600 2239 633 2289 u⁰
647 2231 731 2307 474.)
781 2245 782 2250 ’

100 2313 126 2372 Si
142 2315 219 2394 quod
234 2323 371 2378 statuunt
387 2334 453 2380 esse
472 2317 721 2398 impedimentum
735 2317 773 2380 ad
787 2317 908 2382 ordines
921 2319 1020 2382 susei-

69 2399 177 2478 piendos
201 2406 246 2468 rel
268 2405 451 2468 exercendos
472 2413 593 2487 peccato
615 2415 718 2482 vacat,
742 2425 804 2468 non
829 2415 926 2489 potest
956 2423 1018 2472 esse

70 2505 196 2570 censura,
215 2493 271 2556 sed
284 2501 330 2557 est
347 2493 546 2575 irregularitas
567 2515 605 2558 eor
622 2495 745 2577 defectu.

101 2581 164 2644 Haeo
178 2583 270 2645 verba
289 2603 297 2645 ε
321 2583 360 2645 ad
380 2584 605 2646 ministrandum
624 2605 680 2646 non
698 2583 814 2646 accedat
834 2604 843 2644 :
862 2583 901 2646 ad
912 2585 1021 2646 attare

71 2667 215 2733 ministerio
227 2671 385 2743 abstineut:
400 2673 445 2735 vel
456 2673 488 2734 in
496 2673 588 2735 sacras
596 2673 748 2735 ordinibus
761 2691 816 2732 non
826 2671 908 2733 debet
920 2671 1020 2734 minis·

74 2763 153 2835 trare,
168 2779 227 2823 non
238 2761 412 2842 judicantur
426 2761 568 2825 inducere
582 2762 831 2842 irregularitatem
848 2780 855 2821 ε
871 2761 942 2842 quia
954 2779 1020 2824 sus·

73 2848 190 2924 pensioni
209 2851 297 2932 aeque
319 2850 512 2913 conveniunt.
536 2854 666 2914 Eoontra
679 2857 839 2931 sequentes
859 2849 1013 2914 formulae.

73 2951 199 3017 uunquam
216 2939 389 3014 ordinetur;
411 2959 467 3001 non
485 2948 528 3002 est
545 2938 744 3013 ordinandus;
766 2938 798 3000 in
820 2939 931 3002 clerum
954 2938 1019 3002 nul·

74 3019 171 3088 lotenru
188 3027 378 3106 admittetur,
399 3035 428 3090 et
441 3029 555 3092 similes
568 3030 650 3091 oertd
663 3027 836 3110 exprimunt
850 3029 1025 3112 irregulari-

75 3112 160 3174 tatem.
175 3117 343 3198 (benueux,
361 3116 447 3198 ibid.)

75 3281 80 3296 ι
107 3203 183 3266 libb.
206 3204 264 3267 Sed
277 3207 396 3288 quaerit.
414 3211 444 3268 l·
467 3207 580 3290 Aequi
594 3206 728 3288 dubitat,
752 3206 859 3270 debeat
875 3212 1022 3290 tanquam

76 3292 249 3370 irregularem
263 3313 295 3356 se
305 3295 431 3376 gerere?

106 3377 186 3464 besp.
203 3387 234 3445 l·
247 3385 278 3447 Si
292 3383 406 3447 dubitet
419 3391 540 3467 propter
552 3385 709 3469 scrupulos
722 3405 760 3450 ex
774 3384 888 3449 levibus
902 3385 1030 3448 rationi-

101 3541 152 3595 ¹llu
166 3546 192 3598 el
212 3553 293 3601 lamen
316 3549 454 3612 sententia,
473 3549 591 3605 Stremlor
605 3553 667 3620 (lla
682 3554 765 3620 peina
781 3554 921 3622 scomma.)
943 3557 1019 3605 dieti:

82 3611 155 3666 “lalle
166 3617 263 3681 opinion
275 3637 288 3672 a
302 3621 392 3688 peuda
404 3621 560 3688 probabibtd.
576 3641 586 3672 ι
598 3623 658 3676 llida
670 3641 694 3696 p.
706 3625 745 3676 50.
795 3629 797 3632 ’

179 3729 251 3775 ratu
889 3715 907 3774 d
1014 3761 1019 3769 .
