2486 3984
218 235 276 310 llll)
434 261 570 308 xxxuxxr
589 251 691 308 renus
710 252 793 308 tuma
813 251 964 310 tancmer.

216 362 354 442 ejusqui
373 361 436 440 jam
458 367 502 422 est
519 358 718 440 irregularis?
741 359 849 421 Est-ne
866 358 933 440 ipso
947 360 1016 439 jure
1038 359 1196 425 insumat

255 452 346 533 Resp.
371 450 402 511 Si
422 456 529 530 agatur
547 448 584 510 de
606 446 819 530 irregularitate
833 447 968 530 partiali,
988 449 1020 512 et
1032 450 1072 512 sit
1090 469 1129 513 ex
1142 451 1197 516 de·

217 537 310 609 lectu.
328 557 437 620 nempe
453 539 478 598 si
493 538 560 618 quis
574 537 614 598 ob
627 537 759 617 aliquem
772 535 924 600 delectum
937 539 1127 620 corporalem
1142 559 1197 604 ne-

217 637 307 710 queat
321 627 384 690 sieri
401 626 555 696 sacerdos,
566 633 640 688 tunc
653 627 857 690 communiter
870 633 990 688 tenetur
998 625 1197 691 collationem

217 716 288 780 lruic
299 716 556 794 lactam‚ralidam
572 733 637 778 esse
651 723 681 778 et
695 715 817 778 licitam.
833 717 876 776 lta
890 715 923 778 S.
938 715 1060 797 Liguor.
1074 717 1142 796 (lib.
1160 723 1198 796 l,

219 819 252 868 n⁰
265 811 346 885 343).
361 809 391 869 Si
406 808 477 868 rerd
488 806 526 867 sit
539 824 576 866 ex
590 803 715 867 delicto:
735 805 760 866 si
774 804 941 882 diaconus,
955 823 984 867 v.
1007 824 1051 886 g,
1065 805 1198 869 celebro

218 897 325 958 tionem
335 897 490 957 missenum
500 911 646 976 usurpare
653 893 878 976 praesumpserit
886 891 964 971 (talis
975 895 1057 956 enim
1065 894 1200 958 allicitur

219 983 390 1064 irregularis
403 982 502 1065 quoad
517 980 737 1060 sacerdotium,
752 999 790 1044 ex
810 1000 877 1063 cap.
900 981 954 1044 Es
976 981 1093 1045 litteris
1106 989 1147 1062 2,
1165 987 1200 1046 dr

217 1071 324 1134 clerieo
335 1091 392 1134 non
406 1071 573 1152 ordinato),
588 1071 697 1134 dicitur
710 1069 784 1132 ibid.
800 1069 883 1152 quod
897 1089 962 1132 eum
980 1071 1155 1153 hujusmodi
1165 1075 1200 1135 de

219 1159 354 1244 beneficio
374 1159 604 1224 misericorditer
619 1167 715 1242 potest
734 1158 914 1242 dispensari,
935 1177 971 1222 ne
984 1163 1198 1225 mmtmtaticne
1240 1135 1241 1210 Ῐ

216 1249 351 1334 privates
364 1248 405 1311 nd
415 1249 518 1312 saeculi
531 1249 647 1330 negotiu
662 1255 840 1311 revertatur.
856 1249 1043 1330 supponitur
1055 1251 1149 1326 saue,
1168 1253 1199 1314 in

216 1337 281 1400 istis
300 1337 437 1414 casibus,
463 1338 711 1418 irregularitatem
732 1355 793 1399 non
814 1336 941 1400 existere
955 1345 1095 1421 respectu
1117 1341 1200 1402 ondi-

219 1445 293 1490 num
309 1445 439 1509 quorum
453 1427 627 1490 exercitium
642 1427 771 1508 exigitur
784 1428 802 1488 t
816 1425 964 1489 beneficio
977 1427 1099 1490 collato.

259 1515 565 1598 translapsum
588 1516 804 1597 irregularitate
826 1515 926 1593 totali,
951 1517 997 1578 vel
1009 1517 1199 1582 beneficium

218 1604 389 1687 hujusmodi
406 1605 560 1686 irregulari
575 1605 717 1668 collatum
730 1611 775 1666 est
789 1605 916 1686 simplex
925 1604 1063 1686 obligans
1072 1612 1199 1671 tantum

216 1696 255 1759 ad
276 1696 481 1759 recitationem
505 1696 668 1763 Horarum,
685 1701 738 1756 aut
757 1693 796 1756 ad
817 1693 898 1756 aliud
918 1694 1056 1757 Officium
1070 1697 1160 1777 quod
1182 1703 1199 1760 a

217 1785 301 1848 laicis
311 1785 355 1848 vel
371 1785 487 1847 clericis
501 1782 669 1846 rumoribus
683 1783 814 1846 exerceri
830 1789 945 1865 potest;
966 1791 996 1846 et
1007 1793 1083 1848 lunc
1101 1787 1198 1850 colla-

216 1875 259 1936 tio
274 1881 319 1936 est
332 1873 447 1950 valida,
463 1879 498 1935 ut
511 1881 628 1935 certum
650 1872 763 1934 habent
784 1873 969 1950 Salmant...‚
993 1875 1143 1938 Suarer...
1167 1886 1199 1939 et

217 1961 280 2038 alii,
289 1981 338 2044 ap.
348 1963 378 2024 S.
392 1961 513 2042 Liguor.
526 1960 607 2040 (it).
617 1962 647 2024 Si
659 1963 729 2024 verb
738 1959 871 2024 officium
880 1961 927 2023 vel
936 1961 1121 2026 beneficium
1133 1983 1196 2028 non

217 2050 256 2112 eit
269 2051 395 2132 simplex
409 2098 417 2128 ‚
432 2055 485 2112 aut
498 2051 522 2112 si
537 2051 636 2131 exigat
649 2051 826 2114 exercitium
834 2049 949 2112 ordinis
962 2051 1058 2129 sacri,
1072 2062 1197 2118 contro

217 2141 341 2202 vertitur
355 2146 456 2202 utrum
470 2139 505 2202 sit
520 2139 617 2201 valida
631 2139 803 2219 hujusmodi
815 2139 933 2203 collatio
943 2141 1023 2202 dicto
1033 2143 1196 2224 irregulari

217 2228 304 2292 laeta.
321 2265 359 2275 —
385 2229 489 2292 Prima
507 2229 653 2290 sententia
680 2247 749 2310 quar
810 2237 903 2306 negat
930 2229 1034 2292 nititur
1055 2230 1197 2311 pluribus

216 2319 290 2398 juris
316 2318 453 2381 canonici
475 2318 622 2400 capitibus
651 2319 668 2380 d
691 2319 722 2380 S.
748 2317 869 2400 Liguor.
894 2317 966 2400 (it.)
990 2319 1150 2398 indicatis,
1167 2331 1198 2384 et

217 2407 383 2490 praesertim
393 2409 486 2470 Cone.
501 2407 634 2470 Trident.
651 2407 734 2484 (sess.
750 2411 807 2484 Ὦ,
821 2425 889 2489 cap.
901 2412 936 2484 t,
951 2413 982 2469 et
998 2425 1065 2490 cap.
1080 2413 1126 2490 l),
1141 2412 1196 2473 ubi

218 2497 370 2580 loquendo
383 2497 421 2559 de
433 2495 602 2580 prebendis
612 2496 831 2559 canonicorum
841 2495 969 2559 dicitur:
985 2497 1154 2562 «Necaliis
1165 2500 1197 2562 in

217 2609 232 2647 a
258 2595 411 2670 posterum
427 2587 478 2649 liat
492 2585 632 2669 provisio,
645 2585 702 2648 nisi
717 2584 810 2667 iisqui
818 2587 880 2665 jam
894 2591 1012 2648 etatem
1025 2594 1056 2648 et
1068 2595 1197 2652 ceteras

216 2700 232 2737 u
257 2675 424 2740 habilitates
446 2677 562 2758 integre
585 2675 695 2737 habere
718 2673 956 2756 dignoscuntur3
980 2674 1076 2736 aliter
1096 2677 1195 2738 irrita

215 2788 231 2826 n
255 2769 316 2830 erit
327 2766 467 2849 parisio.
482 2787 498 2824 r
511 2767 547 2826 Et
556 2765 631 2826 ratio
644 2769 701 2840 est,
713 2762 810 2844 inquit
819 2764 850 2826 S.
863 2763 983 2843 Liguor.
996 2762 1081 2844 (its,
1096 2767 1195 2848 aquia

216 2877 231 2913 a
256 2854 438 2917 beneficium
452 2853 540 2916 datur
561 2859 683 2934 propter
704 2851 857 2929 cilicium
872 2850 955 2914 unde
974 2853 1028 2934 qui
1051 2851 1195 2917 iubebitis

216 2965 232 3002 ι
256 2949 301 3004 est
318 2943 356 3005 ad
373 2943 505 3005 officium
523 2943 595 3005 cbm
613 2958 675 3002 non
690 2942 785 3022 possit
806 2940 944 3004 ordinem
966 2957 1126 3024 exercere,
1147 2951 1194 3006 est

216 3051 232 3092 r
257 3031 348 3093 etiam
363 3029 503 3092 inhabilis
516 3029 553 3092 ad
567 3029 788 3092 beneficium.»

257 3121 291 3182 ln
306 3117 363 3181 hac
385 3127 486 3180 tamen
507 3121 672 3194 sententia,
688 3116 810 3200 quando
828 3134 890 3180 non
904 3116 1102 3183 denuntiatur
1115 3120 1190 3184 irre

217 3207 378 3290 guterius,
411 3224 494 3268 error
518 3208 691 3269 communis
721 3224 790 3269 eum
814 3205 901 3270 titulo
922 3207 1055 3272 colorato
1077 3211 1193 3293 praebet

216 3295 474 3377 jurisdictionem,
490 3301 626 3377 utsupra
640 3295 772 3357 diximus
784 3295 874 3376 (tot).

258 3389 346 3447 libi.
358 3383 489 3446 Secunda
501 3385 646 3446 sententia
660 3383 732 3447 dicit
742 3383 912 3462 huiusmodi
922 3384 1192 3452 collationemcsse

217 3474 316 3536 solbm
327 3472 512 3551 irritandam,
521 3475 594 3555 quia
608 3491 669 3536 nun
681 3481 750 3537 sunt
759 3474 949 3556 imponendae
959 3477 1193 3557 poenaenisisint

216 3564 234 3624 d
245 3564 313 3642 jure
327 3581 494 3646 expressae:
511 3561 617 3626 nullibi
630 3570 732 3626 autem
746 3563 778 3625 in
793 3563 858 3645 lege
870 3562 998 3628 habetur
1010 3581 1192 3648 expressum

216 3651 299 3722 nudd
321 3651 524 3730 irregularitas
536 3650 693 3715 bominem
713 3649 818 3714 reddet
836 3653 1011 3735 incapacem
1031 3653 1187 3720 beneficii.
