2522 3992
200 279 257 344 508
426 294 564 342 ulnulas
586 293 686 340 Torius
706 291 788 338 lllltlb
809 291 958 340 muenia.

198 393 308 467 aniini,
323 393 368 454 iiel
391 391 500 454 debitae
514 391 668 469 amicitia,
683 390 728 453 iel
743 390 779 454 ad
797 389 1023 454 conciliandum
1035 409 1175 456 amorem

198 501 269 564 erga
296 482 513 564 Religionem:
543 479 635 542 inodd
662 497 723 542 non
749 480 897 542 excedant
926 479 1037 542 limites
1065 483 1084 543 d
1112 483 1176 545 Cle
1244 517 1245 566 1

199 580 300 633 mente
317 573 378 632 Vlll
393 579 422 633 et
445 570 568 634 Urbano
585 571 649 630 llll
668 587 723 650 pro
744 569 901 650 largitione
919 587 1083 632 niuneruni
1100 589 1177 652 pne

199 659 275 722 fixos
288 680 297 736 ;
312 665 344 722 4ο
359 660 449 722 etiarn
473 660 538 721 sine
554 657 867 738 licentit,·religiosus
885 665 983 740 potest
996 657 1177 723 donationes

200 745 297 812 lacere
320 748 573 812 remuneratorius
591 766 628 809 ex
649 745 737 808 bonis
758 746 814 808 sibi
835 747 987 810 concessis
1004 747 1043 810 ad
1064 766 1174 826 usum;
1245 821 1246 836 χ

200 836 261 899 inid
276 837 343 920 plus
357 844 454 919 potest
466 837 580 900 donare
598 837 691 916 quain
704 835 834 917 accepit,
850 835 1000 916 usquead
1014 854 1176 900 exoessuin
1245 837 1246 854 ¹

199 933 314 1008 quarlae
337 927 449 1008 partis,
472 925 543 1006 quia
567 923 716 1006 gratitudo
736 923 866 1006 postulat
887 923 1009 1006 utplus
1033 925 1177 989 reddatur

199 1017 291 1094 quani
306 1013 395 1076 luerit
408 1020 580 1096 acceptum:
602 1018 635 1075 5⁰
648 1013 833 1096 probabilibs
848 1017 895 1075 est
915 1010 998 1094 qaod
1016 1013 1177 1095 religiosus

200 1119 261 1162 non
284 1103 377 1184 possit
396 1101 509 1164 donare
527 1121 596 1183 quae
616 1101 736 1184 parcitis
756 1101 882 1164 vivendo
899 1100 955 1162 sibi
977 1101 1127 1164 subtraxit
1139 1123 1177 1167 eu
1246 1179 1247 1186 ἵ

200 1190 291 1253 relius
306 1191 361 1253 silii
374 1191 526 1254 concessis
540 1191 577 1252 ad
592 1209 699 1267 usum,
716 1189 773 1252 nisi
787 1197 869 1252 certa
882 1190 1036 1270 quantitas
1053 1191 1082 1254 ci
1101 1193 1177 1254 assi-

201 1287 325 1359 gnetur,
342 1280 381 1343 ita
395 1289 428 1343 ut
446 1299 503 1342 nec
521 1279 738 1342 monasterium
757 1285 896 1341 teneatur
908 1277 991 1340 aliud
1009 1287 1176 1360 prestare,

201 1387 258 1431 nec
272 1370 335 1452 ipse
350 1389 404 1452 pro
423 1369 473 1431 illa
487 1369 637 1432 rationem
651 1367 788 1431 reddere.
803 1369 847 1429 De
860 1365 907 1428 his
920 1367 987 1430 vide
1000 1367 1032 1430 S.
1049 1368 1175 1451 Lignor.

200 1457 261 1537 (lib.
278 1464 318 1534 d,
334 1458 375 1520 n¹⁸
390 1461 499 1536 suaa).

240 1552 329 1610 atui.
353 1549 474 1621 Quaerit.
490 1551 523 1610 ll·
545 1550 592 1610 An
613 1545 760 1628 religiosis
780 1545 819 1608 sit
840 1543 1025 1626 prohibitum
1046 1563 1177 1612 munera

200 1637 262 1698 elar
285 1637 341 1699 iri‘l

242 1657 330 1810 agap.
343 1726 513 1790 Generatim
527 1725 745 1789 Constitutione
757 1725 914 1807 Relipioae
926 1724 1090 1788 Clementis
1097 1729 1174 1804 llll,

202 1815 354 1878 nioderatal
364 1835 417 1896 per
433 1819 593 1877 Deciatum
604 1815 706 1896 Nuper
720 1813 833 1877 Urbani
843 1816 907 1876 Vlll
919 1813 998 1895 lquae
1008 1815 1038 1876 in
1048 1823 1176 1879 extenso

203 1905 322 1985 reperiri
339 1912 464 1985 possunt
478 1921 526 1985 ap.
544 1905 687 1979 Ferraris,
703 1911 732 1964 ii⁰
754 1902 926 1984 deputares,
941 1911 996 1964 art.
1010 1907 1021 1966 l
1037 1951 1046 1979 ,
1063 1913 1098 1965 ιι·
1108 1909 1174 1982 or),

202 1993 376 2073 prohibetur
385 2011 421 2053 ne
436 1993 515 2054 ullus
529 1993 674 2072 regularis
684 1991 779 2054 ulluin
789 2010 900 2054 niunus
914 1991 1075 2072 elargiatur
1087 2013 1096 2054 :
1106 1997 1175 2058 etin

201 2081 256 2143 liitc
276 2081 495 2164 prohibitione,
516 2079 822 2162 coniprehendundur
842 2080 932 2142 eliani
954 2089 1123 2145 conventus
1146 2092 1177 2146 et
1249 2117 1250 2128 i

202 2171 336 2252 ipsoruin
348 2169 500 2250 Capitula3
515 2170 695 2251 accipientes
711 2177 812 2232 autern
824 2187 949 2232 munera
959 2172 975 2232 t
985 2170 1176 2252 regularibus

201 2265 265 2340 cogi
281 2260 393 2320 debent
406 2258 444 2320 ad
459 2259 674 2321 restitutionem
689 2259 848 2322 conventui
862 2257 1041 2321 laciendum.

243 2341 330 2399 arbe.
345 2341 496 2418 Quidquid
506 2353 544 2402 sit
556 2343 593 2400 de
603 2350 742 2404 reservat.
763 2343 849 2419 Papae
860 2339 972 2422 peccati
984 2345 1097 2420 recept.
1110 2355 1174 2400 mu·

206 2443 335 2488 neruina
349 2427 492 2508 regulae,
501 2429 538 2489 dc
551 2449 613 2510 quo
626 2450 653 2490 ii.
666 2431 747 2490 l'eir.
760 2442 790 2490 ii⁰
801 2432 864 2492 Res.
880 2428 942 2492 cas.
957 2433 1004 2501 ll,
1014 2429 1080 2492 liaec
1091 2439 1173 2490 certe

205 2533 265 2576 non
278 2517 395 2595 attingit
412 2518 537 2598 iliosnui
555 2537 681 2580 munera
694 2521 844 2599 accipiunt
864 2517 1051 2595 dlteligiosis
1066 2519 1173 2580 alteru·

204 2607 374 2668 liiussealls
386 2607 604 2687 pertinentibus
616 2609 653 2668 ad
670 2609 965 2686 lnstitutainqiiiliiie
975 2617 1040 2668 vota
1052 2611 1172 2668 tanttiin

202 2695 350 2774 siiiiplicia
367 2705 589 2777 nuncupantur.
605 2697 646 2758 lta
660 2698 797 2757 decisum
814 2697 868 2758 as.
884 2695 1121 2764 Poenitentiarid,
1138 2697 1172 2756 15

203 2784 302 2844 iiiartii
317 2787 388 2848 l86l
405 2805 411 2818 ·
427 2787 494 2846 vidi
508 2787 604 2848 Iteoiie
617 2786 663 2848 dea
677 2786 920 2848 sci'vncrsrrclls..
936 2797 970 2844 n⁰
985 2787 1032 2845 l8.
1049 2801 1079 2854 p.
1100 2787 1170 2843 553.

237 2869 325 2926 2ι69.
345 2871 368 2924 a
389 2863 467 2924 dirta'i
490 2861 621 2942 generali
637 2859 836 2940 prohibitione
850 2857 1042 2938 excipiuntur
1057 2877 1066 2922 ε
1083 2864 1115 2925 l·
1129 2859 1171 2924 lc·

197 2953 277 3014 viora
300 2950 445 3013 esculento
463 2957 492 3012 et
508 2947 662 3032 poculenta
677 2965 689 3008 .·
708 2947 779 3008 itein
796 2945 967 3008 marmorala
987 2945 1029 3008 nd
1043 2947 1172 3014 denotio-

197 3064 259 3103 nem
279 3038 478 3123 pertinentia,
494 3037 549 3100 etsi
570 3036 723 3101 donentur
736 3036 801 3099 sine
819 3053 970 3099 consensu
989 3041 1169 3104 coniantbs.

198 3135 239 3193 lta
253 3131 358 3192 saltem
370 3126 532 3188 ordinarie.

235 3222 325 3281 2770.
344 3218 475 3278 -201n
497 3217 621 3278 becrelo
639 3214 752 3280 Urbani
776 3215 841 3276 vui
860 3212 1052 3276 declaratur:
1072 3219 1171 3280 ablu·

196 3331 211 3368 t)
236 3325 309 3370 nera
322 3307 340 3366 b
353 3304 500 3387 religiosis
521 3304 675 3385 utriusque
689 3305 796 3381 scails,
812 3303 901 3366 tribui
918 3321 1005 3385 posse
1018 3323 1055 3366 es
1070 3305 1172 3368 causis

197 3421 211 3454 a
236 3393 445 3475 gratitudinis,
464 3391 701 3466 conciliationis,
717 3393 931 3456 benevolentiae
949 3393 1077 3475 ejusque
1099 3413 1173 3458 con·

196 3484 410 3546 »servationis
436 3501 509 3564 erga
542 3481 638 3562 ipsam
666 3481 854 3562 lleligioneni
885 3483 931 3544 vel
957 3491 1171 3560 conventum,

197 3594 212 3632 b
237 3571 363 3653 aliisque
373 3571 513 3635 causiseii
524 3575 569 3632 sul
583 3573 688 3632 natust
697 3579 798 3632 actuni
813 3571 929 3634 uirtutis
941 3579 971 3634 et
985 3572 1084 3634 nieriti
1098 3591 1173 3635 con·

197 3681 212 3719 a
236 3659 421 3724 tinentibus:
437 3657 572 3723 modeste
585 3663 686 3720 tamen
699 3663 729 3722 et
748 3657 893 3738 diwretb,
912 3665 942 3722 ct
953 3657 1125 3723 durninodd
1140 3658 1171 3724 id
