2534 3996
205 229 263 292 325
427 245 565 292 uiuente
584 246 684 293 tortus
702 245 784 292 tttttts
804 243 951 292 dtueutct.

244 342 336 421 Resp.
352 343 384 402 {⁰
398 341 566 404 Cenonioes
583 343 766 404 Honorarios
780 359 842 402 non
855 340 957 402 venire
977 338 1177 421 appellatione

204 430 446 506 Cnnontcnnrm,
467 447 523 492 nee
544 430 602 492 sub
624 430 681 493 liic
698 430 944 492 denominatione
961 423 1176 510 comprehendi

204 517 327 600 quando
342 517 371 578 in
384 519 452 596 jure
465 517 503 580 de
523 520 680 580 Canonicis
695 519 727 580 tit
744 521 876 594 mentio,
896 519 968 597 quia
984 517 1041 578 sul)
1055 517 1112 580 linc
1126 537 1176 580 ne-

213 606 307 681 uine,
327 624 388 668 non
407 607 541 688 rigorose
557 607 855 689 comprehenduntur
873 605 930 669 nisi
947 605 1091 670 habentes
1106 625 1178 688 pre-

205 691 319 756 bendas
333 693 363 756 in
376 693 601 758 Catlredralibus
613 704 643 759 et
654 696 832 778 Collegiatis.

245 787 277 844 2⁰
300 785 366 845 Non
393 783 503 848 habere
524 803 628 847 vocem
649 786 680 848 in
704 784 902 866 Capitulo.-
916 787 1075 862 Attamen,
1102 787 1177 851 sicut
1251 809 1252 862 3

206 868 408 950 beneficiarii,
434 871 501 934 lieet
521 891 582 935 nen
596 873 706 936 sintde
726 873 876 954 capituto,
894 881 965 936 sunt
982 873 1177 940 nihilominus

206 959 331 1022 uocandi
357 967 388 1022 et
414 960 573 1039 audiendi,
600 961 722 1044 quande
748 961 786 1024 de
812 962 968 1026 communi
988 962 1122 1044 ipserum
1149 975 1178 1029 et

207 1048 335 1128 Capituli
357 1049 500 1112 interesse
524 1051 633 1129 agitur,
661 1052 701 1114 ita
725 1050 842 1114 videtur
868 1051 1032 1114 dicendum
1056 1054 1178 1134 quande

207 1137 339 1217 tangitur
355 1137 478 1219 aliquod
496 1158 534 1200 ex
550 1141 668 1220 juribus
689 1140 908 1202 Canonieorum
927 1141 1175 1207 Honoratiorum,

247 1225 394 1288 Caeteu'un
406 1227 456 1306 jus
469 1229 644 1290 eorumdem
659 1229 811 1290 reducitur
825 1230 941 1289 tantiun
960 1228 997 1289 ad
1011 1229 1132 1291 suillum
1147 1231 1176 1294 in

207 1312 300 1376 choro
314 1321 345 1375 et
367 1314 497 1396 insignia
514 1317 700 1390 canonialis,
725 1333 782 1377 nec
800 1325 871 1378 sunt
890 1317 928 1378 de
947 1315 1010 1376 illie
1023 1318 1054 1377 in
1076 1318 1179 1400 Dipoi-

209 1411 269 1464 tete
279 1411 336 1466 out
345 1414 500 1484 personatu
511 1407 677 1467 constitutis
690 1405 740 1487 qui
756 1407 772 1466 it
789 1406 819 1466 S.
833 1405 909 1466 Sede
923 1405 1054 1486 delegari
1067 1408 1177 1472 valent.

209 1493 283 1556 Vide
299 1496 333 1554 ll.
352 1494 462 1561 Bouix.
479 1495 522 1557 De
536 1494 682 1576 Capitol„
695 1513 725 1576 p.
744 1499 801 1556 teo
815 1501 846 1556 et
861 1499 929 1558 tet.

248 1586 338 1645 tute.
360 1584 481 1657 Ouaerit.
497 1587 528 1648 3⁰
551 1588 599 1644 An
613 1581 819 1646 inemeribiles
837 1584 897 1644 sint
911 1583 1054 1647 Canonici
1074 1587 1178 1650 lieno-

209 1673 278 1735 rarii
291 1672 307 1733 ‘l

249 1763 419 1844 Respondet
428 1761 601 1825 allirmatire
611 1762 704 1825 Bouix
714 1761 778 1842 (id,
792 1779 823 1842 p.
840 1761 923 1842 liti:
939 1760 1009 1843 quia
1029 1761 1097 1824 lieet
1110 1765 1179 1844 jura
1252 1801 1253 1804 =

209 1849 380 1930 huiusmodi
395 1851 614 1914 Canonicorum
633 1853 694 1913 sint
706 1850 790 1913 valde
809 1851 963 1926 restricta,
988 1857 1089 1914 tamen
1110 1861 1180 1916 sunt

207 1941 275 2020 jura
289 1941 473 2018 canonialis,
489 1941 518 2001 id
535 1947 579 2002 est
597 1959 666 2022 pars
686 1940 801 2020 iurium
822 1957 891 2020 quae
910 1938 947 2001 ad
962 1940 1179 2005 Canonieatum

210 2029 330 2110 proprie
340 2029 454 2092 dictum
469 2030 636 2110 pertinent;
649 2047 721 2109 erge
736 2037 904 2110 sequuntur
914 2037 1050 2090 naturam
1056 2030 1132 2109 iuris
1142 2031 1180 2092 ad

210 2135 314 2180 verum
324 2119 509 2180 Canonieum
520 2119 706 2199 pertinentis,
718 2126 747 2179 et
761 2119 807 2179 vie
819 2117 946 2196 juridica
959 2117 1103 2180 duntaxat
1118 2121 1180 2182 tolli

210 2215 352 2292 possuut;
369 2206 399 2267 in
415 2206 620 2286 probationem
634 2208 741 2269 citatur
753 2206 865 2268 decisio
879 2208 910 2268 S.
927 2207 960 2268 C.
976 2207 1034 2268 tut.
1050 2207 1087 2270 ad
1097 2210 1182 2290 Epis·

210 2294 1182 2378 enpunrrt...,diettsept.temdirecta:sedhocresoiptum,ut

210 2384 317 2448 letetur
333 2386 427 2448 Bouix
439 2385 511 2462 (it,
528 2405 558 2466 p.
581 2389 649 2462 l58)
667 2391 698 2446 et
715 2393 748 2446 ut
761 2383 870 2464 legenti
891 2384 1020 2464 patebit,
1044 2387 1183 2466 quaestio·

211 2493 282 2538 nem
301 2492 361 2537 non
380 2473 515 2534 dirimit:
532 2473 571 2534 itii
594 2471 783 2535 solummodo
802 2474 986 2535 secretarius
1004 2473 1181 2536 mandatum

210 2564 326 2646 aceepit
351 2562 533 2624 rescribendi
557 2561 680 2643 praelato
701 2561 850 2642 Episcopo
875 2561 956 2640 qudd
980 2571 1081 2642 posset
1095 2583 1134 2626 ec
1152 2585 1182 2626 se

211 2653 380 2734 indignosa
396 2651 504 2714 talibus
517 2649 683 2712 honoribus
696 2649 858 2731 repellere;
874 2649 926 2711 sed
941 2649 1041 2712 addit:
1058 2660 1181 2734 propter

210 2740 366 2804 infamiam
379 2743 440 2822 qua
453 2739 562 2802 exinde
585 2739 728 2820 spoliatus
747 2737 863 2820 espergi
888 2745 1004 2820 posset,
1030 2758 1119 2803 niens
1135 2749 1181 2804 est

211 2831 459 2911 Congregatienis
469 2828 551 2910 qudd
560 2835 644 2890 curet
656 2828 823 2909 Episcopus
833 2845 894 2889 non
904 2827 1043 2891 devenire
1052 2829 1090 2891 ad
1101 2830 1181 2894 hane

211 2919 419 3001 spoliationem
437 2919 523 2980 enisi
538 2915 660 2999 quande
680 2915 842 2978 sacerdotis
860 2915 975 2998 indigni
993 2922 1182 2982 conuersatio

210 3030 227 3069 ι
251 3008 351 3088 exigat
362 3014 396 3070 ut
409 3015 513 3070 eontra
522 3006 607 3068 illum
620 3005 658 3067 de
672 3023 757 3067 more
767 3005 929 3087 procedere
944 3023 1065 3068 neeesse
1079 3007 1130 3086 sit,
1143 3010 1182 3072 ad

209 3117 226 3158 n
251 3098 364 3175 majera
378 3095 516 3158 scandale
530 3094 755 3175 praevenienda3
772 3114 787 3152 u
805 3094 966 3175 exquibus
981 3095 1081 3158 verbis
1099 3101 1182 3162 certe

211 3203 272 3248 non
281 3193 377 3266 petest
386 3184 523 3248 concludi
535 3183 643 3245 debere
653 3183 848 3264 Episcopum,
856 3203 912 3264 per
920 3185 996 3245 uienr
999 3184 1180 3266 juridicum,

210 3275 379 3355 insignibus
400 3275 465 3352 ejus
485 3274 600 3353 privare
623 3269 798 3336 Cenenieum
818 3273 1045 3336 Houorerium:
1066 3281 1182 3342 etenim

209 3361 309 3426 dicere
322 3360 403 3443 quod
419 3361 581 3443 Episcopus
594 3379 655 3421 nou
669 3359 775 3422 delicat
788 3361 927 3425 devenire
936 3362 972 3424 ad
987 3363 1182 3444 speliendum

209 3471 248 3513 ec
261 3471 290 3511 ae
312 3453 376 3527 (seu
395 3449 676 3528 exteujudieieliter)
692 3450 877 3512 Canoniruru
902 3453 1102 3516 lionorarium
1124 3475 1182 3520 sun

210 3539 296 3601 titulo
310 3545 339 3598 et
353 3537 531 3618 insignibus,
543 3538 599 3599 nisi
613 3537 734 3618 quando
749 3539 841 3621 ipsius
856 3540 977 3622 indigna
993 3549 1183 3609 conversatio

210 3627 300 3705 exigit
315 3633 464 3689 utcontra
478 3625 561 3688 illum
571 3625 748 3708 procedatur
757 3627 795 3692 de
809 3647 892 3692 mere
901 3647 954 3693 seu
962 3631 1103 3712 juridice,
1115 3653 1181 3699 non
