2522 4028
457 233 542 280 ursan
563 231 680 280 rmnus.
1003 214 1063 280 183

80 363 97 404 a
124 340 229 404 uxoris
242 335 464 402 consuetudine
478 353 543 398 sese
552 332 747 410 continuerit,
756 336 808 396 aut
820 332 855 395 el
870 332 907 394 sit
920 330 1059 408 orbatus;

80 455 98 492 a
124 429 207 511 qudd
222 429 253 490 in
269 428 327 488 illis
342 427 494 507 praecipue
514 423 565 502 iit,
581 423 633 486 ubi
648 421 841 485 ecclesiastici
860 439 992 484 canones
1012 440 1061 484 ac-

80 543 99 581 0
124 519 229 581 curate
242 522 409 580 serrantur.
426 537 441 572 u
457 516 537 595 Ergo
555 521 628 575 tuuc
643 511 834 575 ecclesiastici
847 528 980 573 canones
993 527 1064 573 con·

81 607 244 669 licentiam
277 605 367 667 etiam
405 602 598 664 subdiaconis
629 598 876 683 praecipiebant;
911 617 981 661 uam
1009 617 1064 682 per

83 694 323 776 prodioccnos,
342 691 518 755 subdiaconi
534 695 605 753 sunt
619 688 816 770 intelligendi.

128 787 255 846 Sanctus
268 788 369 844 autom
385 780 588 861 Hieronymus
602 778 743 840 adversus
758 777 952 858 vigilantium
966 777 1009 841 sio
1023 778 1064 844 lo

84 875 191 956 quitur
207 891 214 932 :
234 893 250 930 c
270 871 350 932 Proh
366 871 373 932 i
392 868 496 930 nelasi
512 869 679 950 Episcopos
692 867 738 928 sui
753 867 874 928 sceleris
886 866 996 930 dicitur
1009 867 1062 930 ha-

84 985 102 1022 0
127 961 199 1022 bere
212 966 384 1031 consortes,
400 958 423 1020 si
440 963 542 1020 tamen
566 956 705 1037 Episcopi
729 955 906 1018 nominandi
926 964 996 1018 sunt
1010 958 1061 1039 qui

85 1073 103 1112 u
130 1068 190 1111 uon
212 1049 353 1110 ordinant
371 1046 538 1124 diaconos,
558 1047 616 1108 uisi
634 1045 717 1127 priirs
740 1063 849 1106 uxores
869 1043 1060 1110 duxerint...

86 1161 104 1199 a
130 1138 204 1210 Ouid
222 1139 332 1200 sacient
354 1136 484 1199 Orientis
501 1135 669 1198 Ecclesiae?
692 1132 770 1206 Ouid
784 1134 905 1215 AEgypti
925 1142 955 1195 et
977 1136 1062 1200 Sedis

85 1249 102 1288 r
129 1227 317 1308 Apostolicae,
334 1245 402 1307 quae
412 1233 463 1287 aut
471 1225 603 1306 virgines
617 1223 742 1286 clericos
751 1224 980 1304 accipiunt,aut
993 1245 1062 1288 con-

84 1339 101 1376 a
126 1317 277 1394 tinentes,
293 1322 345 1377 aut
368 1314 393 1375 si
420 1333 530 1378 uxores
551 1313 736 1391 habuerint,
754 1311 853 1375 mariti
874 1331 939 1376 esse
967 1313 1062 1378 desis·

84 1427 102 1465 u
127 1405 255 1467 tunila

127 1493 240 1555 Eadem
256 1494 398 1575 leguntur
412 1493 494 1575 apud
508 1495 539 1556 S.
554 1495 687 1554 Leonem
701 1493 719 1554 a
731 1493 768 1555 D.
779 1490 926 1574 Phillipps
935 1493 1060 1558 relatum
1162 1581 1166 1589 Ι

83 1587 191 1665 (opera
205 1583 310 1655 citato,
326 1592 400 1644 tom.
418 1586 456 1660 1,
473 1602 502 1663 p.
521 1585 601 1662 513).

127 1676 218 1735 alls.
231 1672 341 1752 Legem
361 1671 514 1733 caelibatus
529 1671 619 1752 longe
634 1671 767 1734 antehos
781 1671 907 1733 Saucius
921 1672 1058 1752 viguisse,

85 1760 193 1824 saltem
208 1760 308 1841 quoad
322 1759 466 1821 diaconos
480 1766 509 1820 et
524 1761 694 1840 superiores
709 1759 843 1836 ordines,
854 1759 933 1822 clare
947 1767 1062 1824 consini

84 1869 125 1912 ex
151 1849 285 1912 Concilio
309 1847 535 1929 Carthaginensi
563 1851 778 1926 1100111151,
803 1848 898 1910 sancti
921 1850 1061 1932 Cypriani

83 1945 173 2002 aetate
185 1987 193 2016 ,
205 1939 235 1999 in
250 1957 310 2019 quo
322 1937 446 2014 dicitur,
462 1955 529 1998 can.
548 1943 565 1998 2
583 1957 590 1998 :
610 1959 624 1995 c
634 1938 812 2020 Episcopos,
826 1937 1018 2019 Preslryteros
1032 1947 1061 2004 et

86 2047 102 2087 0
129 2026 1058 2107 DiaconositapiaculumcondecetSacrosanctosAntistius„

83 2139 102 2176 u
127 2118 316 2178 continentes
330 2133 395 2177 esse
410 2115 441 2176 iu
456 2115 643 2177 omnibus..:
660 2123 693 2178 ut
707 2116 789 2198 quod
805 2117 937 2198 Apostoli
952 2117 1061 2183 docue-

84 2227 102 2266 c
128 2211 251 2267 ructet
274 2204 483 2286 ipsaservavit
509 2205 700 2286 antiquitas,
729 2224 786 2268 nos
810 2223 932 2288 quoque
958 2215 1059 2272 custo·

84 2315 100 2355 r
127 2293 257 2356 diamus.
280 2315 295 2352 u

127 2387 195 2445 Non
209 2389 311 2445 tamen
324 2381 507 2444 adamussim
521 2381 587 2445 haec
610 2383 655 2445 lex
676 2383 790 2466 ubique
808 2383 862 2447 tuit
881 2384 1057 2467 observata;

85 2471 188 2536 clerici
201 2471 283 2534 euim
297 2470 490 2533 matrimonio
506 2472 659 2550 conjuncti
672 2519 681 2550 ,
703 2473 793 2534 etiam
807 2472 846 2535 ad
860 2475 1059 2540 sacerdotium

86 2560 210 2622 admissi
224 2561 322 2635 fuere,
338 2578 495 2640 nunquam
508 2566 609 2623 temen
624 2560 661 2622 ad
676 2562 909 2643 Episcopatum,
925 2569 959 2625 ut
975 2583 1061 2628 cons·

86 2654 130 2710 tat
152 2668 188 2711 ex
202 2647 279 2712 iacto
292 2647 409 2729 synesii
424 2648 525 2729 (Apud
540 2648 703 2730 Phillipps,
719 2655 794 2711 tom.
808 2654 822 2711 1
838 2697 847 2727 ,
861 2669 892 2731 p.
909 2650 993 2732 529).

126 2741 216 2801 2119.
240 2740 312 2800 Haec
326 2736 399 2818 legis
419 2737 572 2799 caelibatus
593 2737 735 2800 relaxatio
758 2739 882 2801 invaluit
895 2742 1059 2820 praesertim

85 2829 119 2892 in
133 2827 268 2890 Ecclesia
280 2825 442 2902 Orientali;
459 2827 588 2888 severior
608 2832 710 2889 autem
730 2829 896 2909 permansit
918 2829 1061 2895 Occiden-

85 2917 154 2980 talis
167 2917 320 2980 Ecclesia:
334 2924 364 2978 et
377 2915 515 2998 quamvis
529 2916 560 2978 S.
577 2917 740 2996 Gregorius
763 2919 891 2999 Magnus
910 2919 927 2982 a
942 2920 1060 2986 subdia·

85 3006 171 3070 conis
185 3006 294 3068 Siciliae
307 3005 373 3068 sine
387 3011 455 3067 voto
468 3004 621 3066 caelibatirs
641 3003 784 3070 ordinatis
797 3007 917 3090 exigere
931 3010 1060 3075 noluerit

85 3101 119 3157 ut
133 3095 330 3158 nihilominus
347 3093 563 3157 continentiam
582 3099 756 3174 servarent,
778 3103 909 3160 attarnen
932 3097 1059 3180 ipsemet

85 3185 217 3246 decrerit
229 3190 265 3246 ut
282 3183 384 3247 nullus
397 3183 429 3245 in
443 3189 598 3264 posterum
612 3181 739 3248 clericus
752 3183 791 3248 ad
807 3186 1058 3252 subdiaconatum

85 3281 327 3356 promoveretur,
344 3273 401 3334 uisi
415 3273 498 3354 priirs
512 3271 623 3334 emisso
635 3279 704 3334 voto
717 3275 858 3337 castitatis
873 3295 880 3336 ε
901 3298 917 3334 c
934 3277 1057 3341 Nullum

86 3386 100 3422 u
124 3363 224 3425 facere
238 3361 458 3424 subdiaconum
473 3368 657 3443 praesumant
669 3361 831 3445 Episcopi,
856 3365 913 3427 uisi
929 3367 981 3446 qui
996 3368 1056 3430 vic·

85 3475 100 3511 u
123 3461 228 3514 turum
242 3453 323 3514 caste
336 3449 527 3532 promiserit,
543 3451 614 3532 quia
629 3451 729 3513 nullus
743 3452 781 3514 ad
798 3453 999 3517 ministerium
1013 3457 1057 3518 al·

86 3562 100 3599 r
124 3542 197 3603 taris
210 3540 353 3603 accedere
367 3539 465 3618 debet,
486 3540 543 3600 nisi
557 3539 647 3620 huJus
661 3542 780 3603 castitas
799 3550 867 3604 autc
882 3553 1054 3627 susceptum

86 3652 100 3689 ι
124 3629 328 3692 ministerium
340 3628 431 3692 fuerit
443 3628 604 3709 probata.»
622 3631 774 3710 (1110128,
789 3633 898 3712 capt.)
