2550 3992
197 254 256 316 656
416 269 554 317 urrunsa
577 269 677 318 tonus
696 268 779 318 ruars
798 269 948 321 canantur.

196 368 221 430 si
241 367 292 430 ilat
309 366 374 432 sine
388 369 479 432 causa
496 367 675 445 sufficienti;
698 369 748 431 illa
768 375 870 432 autem
889 387 980 432 causa
996 369 1090 434 debet
1107 391 1173 438 m

196 459 293 536 major
306 457 351 520 vel
362 457 462 520 minor
471 465 560 539 prout
574 457 709 520 minister
719 459 816 540 magis
824 458 870 520 rel
885 460 988 522 minus
998 461 1173 544 astringitur

196 547 234 609 ad
245 546 463 610 conterendum
473 547 647 629 suscipienti
658 547 912 626 sacramentor-ct
923 556 1012 630 prout
1022 551 1172 630 magistet

197 637 298 698 minus
313 644 357 699 est
372 645 492 720 paratus
505 637 542 698 ad
563 636 797 700 ministrandum
814 657 822 698 ι
838 636 921 700 unde
939 637 964 700 si
983 637 1125 701 minister
1138 640 1173 701 sit

196 725 366 808 parochus,
381 726 426 788 vel
446 725 470 788 si
489 727 527 789 sit
544 732 685 808 paratus,
700 725 780 788 licite
798 733 989 789 sacramenta
1001 725 1041 788 ab
1052 745 1093 790 eo
1116 729 1173 810 peti

197 823 342 898 possunt,
355 816 446 878 etiam
460 815 571 878 motivo
593 833 656 877 non
675 814 798 878 carendi
817 813 917 877 fructu
932 815 1053 876 illorum
1075 835 1173 880 sacra·

199 913 388 974 meritorum
400 905 423 967 si
440 923 500 966 non
511 903 587 966 adsit
598 904 674 967 alius
686 905 779 984 digne
792 903 977 966 ministrans.
989 907 1032 964 lta
1046 907 1078 964 S
1096 907 1173 988 Ltg„

198 993 263 1066 liin,
279 1000 309 1070 6
327 997 360 1056 n⁰
374 999 429 1070 89
446 993 544 1055 sedin
557 993 686 1056 Elenclro
699 1003 803 1076 quoest
819 994 1080 1094 correctarum&
1096 995 1174 1096 Lrg3,

198 1092 304 1164 quast.
323 1087 370 1156 to
388 1084 417 1143 in
436 1083 577 1164 predicto
591 1100 664 1146 casu
672 1083 787 1164 ‚exigit
800 1101 916 1144 coumm
929 1083 1033 1164 pronis
1052 1085 1176 1147 mcerti-

199 1175 271 1232 totis
288 1171 332 1232 uel
352 1172 508 1233 utilitatis.

238 1265 327 1322 arto.
352 1261 498 1322 Cauterium
532 1263 595 1324 DD.
623 1259 825 1324 communiter
853 1259 960 1322 dicunt
985 1269 1177 1326 sacramenta

199 1348 278 1410 liciti
295 1351 384 1431 recipi
402 1354 418 1410 6
435 1353 571 1412 ministro
586 1359 762 1432 peccatore:
782 1354 812 1410 l⁰
827 1349 851 1411 si
870 1359 975 1431 urgeat
989 1365 1177 1434 praeceptum

198 1441 423 1500 conmunionis
437 1441 481 1500 rel
503 1441 714 1513 molossionis‚
730 1439 775 1500 rel
794 1441 893 1500 missac
908 1438 1069 1502 audiendas
1082 1462 1091 1516 ;
1106 1447 1138 1502 2²
1152 1443 1176 1503 si

199 1547 234 1591 ex
249 1529 390 1590 [litatione
410 1530 563 1590 ituruincat
584 1530 751 1610 perieulum
768 1530 931 1610 1666663ο
951 1529 975 1590 si
997 1548 1173 1610 permanen·

199 1617 271 1679 dum
295 1628 373 1680 essct
400 1619 429 1679 in
459 1629 536 1679 statu
565 1619 677 1699 pcccati
706 1617 859 1694 mortalis,
888 1617 978 1679 etiam
1003 1636 1057 1698 per
1084 1637 1176 1680 unam
1266 1651 1267 1666 i

199 1706 303 1768 horam
315 1729 321 1782 ;
334 1709 377 1768 rel
388 1709 477 1768 etiam
492 1707 515 1768 si
526 1726 627 1770 carere
637 1707 779 1779 deberes,
793 1705 898 1766 saltem
908 1705 960 1766 diu
977 1706 1077 1768 fructu
1092 1726 1174 1770 onin-

199 1799 354 1859 mnninnis
368 1809 417 1858 aut
436 1797 647 1868 contessionis,
663 1797 716 1856 ctsi
738 1813 799 1855 non
813 1813 895 1857 esses
909 1796 940 1856 in
962 1795 1102 1874 mortali,
1117 1807 1173 1860 eto.

200 1886 274 1947 Vide
289 1885 368 1968 apud
384 1890 413 1948 S.
429 1887 563 1966 Lignea,
577 1885 628 1946 lib.
645 1890 675 1956 6,
693 1894 727 1945 n⁸
740 1888 790 1948 89.

241 1981 330 2038 aaut.
347 1975 572 2038 Observandum
595 1982 640 2036 est
659 1981 760 2036 autern
779 1973 861 2056 qued
877 1973 975 2056 quiuis
989 1974 1124 2036 minister
1136 1973 1173 2036 sit

199 2065 428 2148 praesurnendus
441 2064 563 2145 dignus,
580 2065 637 2126 nisi
651 2063 822 2145 oppositum
837 2069 962 2139 constet;
973 2063 1056 2126 unde
1072 2062 1176 2146 proba·

200 2155 298 2216 biliter
312 2161 498 2215 sacramenta
512 2153 571 2235 peti
585 2159 711 2234 possunt
723 2151 761 2214 ab
774 2171 811 2215 eo
825 2155 876 2233 uui
894 2154 987 2214 scitur
1001 2154 1094 2234 paulo
1107 2159 1176 2214 ante

200 2260 356 2324 peccasse,
372 2241 443 2321 quia
457 2241 597 2321 praesumi
613 2249 708 2323 potest
722 2259 788 2303 sese
801 2240 985 2323 disposuisse
999 2241 1108 2303 saltem
1123 2259 1177 2323 per

154 2401 159 2408 ,
200 2329 432 2393 contritionem:
448 2331 545 2410 excipi
558 2337 660 2391 tamen
674 2330 763 2392 debet
780 2347 868 2392 casus
880 2347 943 2410 quo
956 2337 1109 2392 antistaret
1121 2329 1176 2392 ali·

200 2437 292 2502 quem
307 2436 372 2482 esse
385 2419 703 2492 consuetudinarium,
720 2418 765 2482 vel
779 2418 803 2480 si
818 2427 885 2500 post
898 2423 1054 2501 peccatum
1070 2419 1177 2480 ruinis
1265 2417 1266 2444 ¹

201 2511 246 2573 ter
270 2527 329 2570 non
354 2509 546 2590 promisisset
560 2508 781 2570 consessionem
797 2515 867 2570 ante
886 2507 985 2570 rnissae
998 2507 1177 2570 celebratio·

202 2618 285 2663 nem.
301 2601 343 2677 (S.
360 2598 495 2680 Liguor„
512 2597 564 2659 lib.
581 2603 620 2677 6,
636 2607 669 2659 n⁰
684 2601 747 2678 89.)

573 2785 722 2856 CAPUT
748 2787 791 2852 ΙΙ.

541 2917 588 2970 ua
622 2917 830 2968 arrrrsuu.

243 3038 331 3098 3668.
356 3035 526 3115 Baptismus
546 3041 591 3096 est
610 3034 833 3096 Sacramentum
855 3053 936 3096 nove
963 3033 1051 3115 lepis,
1071 3033 1104 3094 ia
1123 3053 1180 3115 quo
1264 3037 1265 3056 ¹

205 3127 332 3190 lromr'ues
345 3125 548 3204 spiritualiter
561 3133 779 3205 reponerentur,
794 3124 1034 3205 peranteriorum
1047 3125 1181 3206 corporis
1264 3127 1265 3170 t

205 3217 379 3278 obtritionem
394 3221 422 3272 et
434 3213 617 3295 prescriptae
631 3213 781 3276 uerborum
794 3213 902 3295 surmoe
909 3211 1121 3294 prolationem.
1138 3213 1179 3272 lta

204 3303 365 3384 'l‘lrcologiu
382 3301 540 3364 Tolosana.
595 3343 601 3356 .

248 3395 305 3454 Etsi
324 3413 382 3454 non
398 3393 523 3454 omnino
544 3397 660 3455 constet
679 3410 740 3474 quo
759 3391 884 3474 precisa
903 3399 1040 3471 tempore
1063 3388 1184 3450 institu-

206 3488 270 3544 tum
282 3483 368 3544 luerit
380 3483 436 3544 hoc
447 3487 685 3552 Sacramentum,
699 3483 971 3563 probabilissimum
983 3485 1087 3540 tamen
1096 3477 1182 3538 vide·

207 3571 336 3633 turillutl
344 3572 503 3652 contigisse
511 3571 633 3651 quando
642 3570 774 3633 Christus
783 3570 861 3634 luite
871 3571 988 3633 loanne
997 3567 1181 3648 baptizatus:

209 3655 368 3744 ipsumque
386 3665 460 3724 tunc
475 3660 579 3741 auius,
593 3665 736 3724 contactu
749 3675 824 3766 suo,
840 3657 902 3722 rint
914 3655 1079 3721 contulisse
1093 3673 1183 3738 rege·
