2522 4028
486 335 574 402 sinen
593 355 710 402 rnruus.

118 473 358 488 m
753 469 1083 489 W

481 527 629 650 dAPUT
652 581 718 652 111.

311 735 353 788 uu
375 733 647 786 uuurcarrumnus
671 735 887 790 crumconmr.

156 863 246 924 2054.
272 881 289 920 ι
309 859 388 924 Nihil
403 861 542 942 estquod
563 861 637 923 alios
655 861 751 942 magis
771 859 807 922 ad
826 861 967 942 pietatem
990 867 1019 924 et
1033 861 1087 926 Dei

115 973 130 1012 r
156 950 272 1014 cultum
293 949 411 1013 assidue
428 949 554 1012 instruat
568 953 660 1032 quim
674 967 779 1012 eorum
794 951 853 1014 uita
866 957 898 1012 et
913 952 1086 1032 exemplum

116 1062 132 1098 r>
157 1041 207 1120 qui
223 1057 255 1101 se
274 1038 376 1102 divino
391 1039 556 1104 ministerio
573 1039 763 1114 dedicarunh
779 1041 850 1100 clim
865 1039 948 1102 enim
967 1040 1087 1102 arehus

117 1145 134 1186 a
158 1128 257 1200 saeculi
279 1129 309 1190 in
329 1129 465 1191 altiorem
487 1128 593 1192 sublati
604 1129 713 1190 ‘locum
733 1128 975 1210 conspiciantur,
992 1127 1088 1192 ineos

90 1238 99 1250 ·
115 1239 132 1275 »
156 1225 299 1296 trinquam
312 1217 342 1279 in
352 1219 520 1299 speculum,
532 1217 638 1299 reliqui
646 1218 750 1280 oculos
759 1217 933 1297 conjiciunt.
944 1237 981 1279 ex
991 1219 1087 1301 iisque

63 1317 66 1324 ·
115 1313 283 1369 a-suntunt
304 1308 386 1390 quod
409 1307 578 1368 imitentur:
594 1313 777 1388 quapropter
796 1307 841 1369 sic
857 1305 943 1368 decet
962 1310 1088 1370 omnino

85 1431 92 1443 ·
115 1396 292 1470 r-olericos.
305 1397 333 1472 ip
344 1405 455 1458 sortem
466 1397 584 1458 Domini
599 1403 729 1470 vocatos,
740 1395 829 1458 vitam
844 1413 1004 1480 moresque
1017 1416 1088 1460 suos

115 1497 263 1546 somnes
276 1483 474 1567 componere,
491 1493 521 1547 ut
536 1485 656 1556 hahitu,
672 1492 775 1565 gestu,
790 1484 924 1559 incessu,
935 1503 1085 1564 sermone,

115 1572 282 1654 »aliisque
302 1575 444 1636 omnihus
464 1573 572 1648 rebus,
595 1572 668 1634 nihil
695 1573 750 1634 nisi
771 1592 874 1654 grave,
899 1573 1087 1639 moderatum

116 1684 131 1720 n
157 1680 194 1725 ac
212 1661 356 1743 religione
372 1663 494 1744 plenum
511 1681 572 1744 pree
587 1681 618 1724 se
633 1659 747 1738 lerant3
763 1661 836 1724 levia
856 1663 946 1724 etiam
960 1662 1085 1737 delicta,

115 1775 132 1811 n
157 1770 226 1832 quae
240 1751 351 1832 inipsis
361 1753 492 1815 nraxima
504 1757 615 1823 essent,
627 1750 780 1832 effugiant,
791 1759 940 1814 uteorum
955 1753 1088 1818 actiones

115 1863 131 1900 a
157 1839 680 1903 cunctisalleranlvenerationem.»
1115 1899 1118 1906 Δ

156 1929 229 1992 Haec
241 1937 313 1991 sunt
329 1929 478 2010 ipsissima
491 1931 582 1992 Conc.
599 1927 678 1992 Trid.
695 1927 795 2006 verba,
811 1947 884 1992 sess.
901 1933 956 2006 Ἠ,
973 1949 1038 2012 cap.
1057 1938 1086 2012 t,
1157 1957 1162 1966 ·

114 2017 151 2080 de
169 2017 242 2098 res,
267 2017 318 2080 uhi
340 2017 450 2081 deinde
476 2018 657 2080 innovantur
679 2019 810 2098 antiquar
829 2021 881 2080 SS.
906 2019 1086 2084 Pontificum

95 2106 349 2183 ,Constitutiones
362 2115 393 2170 et
405 2125 538 2169 canones
551 2106 752 2168 Conciliorum
766 2105 804 2168 de
820 2107 878 2169 vita
891 2115 921 2169 et
932 2107 1087 2174 honestate

114 2195 305 2260 clericorum.

156 2286 229 2358 Ouia
243 2285 274 2347 in
298 2285 356 2348 hoo
374 2285 472 2367 capite
485 2284 591 2348 dicturi
615 2301 743 2363 sumus,
758 2285 789 2348 in
812 2285 932 2350 duobus
955 2289 1087 2352 articulis

113 2373 410 2455 comprehendemus
426 2393 433 2435 :
450 2374 481 2436 in
497 2378 526 2436 l⁰
541 2375 666 2436 articulo
679 2381 784 2448 agetur
801 2374 839 2436 de
852 2376 979 2438 vitandis
993 2380 1010 2439 a
1023 2379 1086 2441 cle-

113 2463 187 2525 ricis
202 2482 210 2523 :
227 2464 257 2524 in
272 2466 305 2525 2⁰
317 2464 356 2525 de
369 2464 406 2525 iis
419 2481 488 2541 quae
502 2463 540 2525 ab
554 2461 625 2544 ipsis
639 2469 710 2524 sunt
724 2463 902 2544 prestanda.

154 2555 245 2614 2055.
266 2552 437 2615 Notandum
452 2559 552 2615 autem
567 2551 665 2633 leges,
687 2551 799 2632 aliquid
819 2553 935 2614 clericis
948 2555 1085 2636 praecipi·
1126 2609 1131 2618 .

113 2647 200 2704 entes
210 2641 255 2704 vel
267 2641 470 2724 prohibentes,
487 2641 771 2720 intelligendasesse
781 2641 969 2722 potissimum
983 2643 1087 2707 decle·

113 2729 185 2792 riois
207 2730 239 2792 in
259 2732 352 2794 sacris
377 2731 546 2793 constitutis
568 2730 613 2791 rel
636 2727 817 2792 beneficium
840 2729 1084 2811 possidentibus3

95 2818 216 2899 ·quoed
236 2825 361 2884 caeteros
380 2819 452 2880 rerd
465 2819 590 2881 ciericos
606 2837 614 2879 τ
629 2817 675 2879 rel
695 2817 733 2879 ad
752 2835 805 2878 eos
819 2816 989 2896 hujusmodi
1006 2822 1086 2904 leges

113 2924 179 2976 non
192 2907 359 2988 pertinent,
372 2907 417 2970 vel
427 2908 532 2970 saitem
542 2925 594 2970 eos
603 2905 660 2969 sub
674 2907 755 2987 gravi
767 2923 827 2967 non
835 2913 933 2970 sonim
939 2909 1084 2991 obligare,

116 3013 176 3059 uec
190 2996 246 3058 nisi
256 2995 313 3059 suh
327 2997 424 3078 poenis
437 2997 476 3060 ab
490 2995 597 3068 iisdem
610 2995 825 3058 determinatis.

533 3168 616 3234 ΛΒΤ.
638 3169 661 3233 l.
760 3185 762 3188 ·

396 3298 434 3345 nr
454 3297 591 3345 mauors
611 3297 631 3342 a
651 3296 793 3347 cremeas.

154 3407 245 3472 2056.
269 3408 426 3472 ictericis
441 3408 562 3473 vitanda
584 3415 672 3472 sunt:
689 3412 719 3470 l·
733 3409 872 3490 quadam
886 3411 1086 3493 professiones

111 3496 161 3560 rel
179 3505 259 3560 artes
275 3506 328 3560 aut
349 3501 482 3562 actiones
504 3517 573 3581 quae
594 3507 705 3560 statum
727 3499 896 3562 clericalem
918 3503 1083 3570 dedecent:

112 3589 147 3650 2⁰
161 3585 380 3652 oblectamenta
389 3609 457 3672 quae
470 3587 583 3669 aliquid
596 3588 753 3651 dedecoris
761 3589 806 3648 vel
817 3589 942 3670 periculi
957 3590 1083 3665 habent;

112 3677 147 3738 3⁰
168 3677 307 3756 quadam
335 3695 404 3760 quae
425 3678 601 3740 scandalum
627 3677 694 3738 aliis
716 3695 861 3758 generare
885 3689 1030 3756 possunt,
1054 3683 1086 3737 ut

112 3763 296 3830 cohabitatio
311 3783 384 3830 oum
402 3767 540 3844 personis
556 3765 711 3842 indebitis,
728 3765 817 3826 luxus
840 3763 1005 3839 saecularis,
1025 3771 1086 3824 etei
