2528 3996
441 256 526 304 crena
547 255 662 306 rnruus.
976 239 1029 306 aot

61 377 76 416 a
102 355 270 420 diciturne
291 356 435 420 dnnrnnto
453 355 491 420 ad
507 357 666 437 triremes;
689 359 809 423 idem...
832 360 871 423 da
890 365 1034 442 perpetuo
1151 373 1154 380 ’

60 469 77 504 n
103 445 231 527 degente
243 464 313 508 cum
325 446 443 509 licentia
456 449 762 512 extramonasterium
774 447 835 526 (sed
851 447 1034 531 probabilius

62 558 77 592 a
105 532 162 597 hoc
185 541 297 618 negant
317 535 442 613 Palaus,
466 537 613 600 Suaroz...
636 557 707 602 cum
735 538 906 600 Salmant...
933 545 1039 600 contra

63 646 79 682 n
105 623 261 700 Lassium,
286 624 469 704 Sancboz)...
484 644 492 686 ε
507 627 581 688 ratio
600 628 730 709 estquis
750 627 853 690 talium
872 625 1038 689 obseruatio

63 735 79 771 n
104 731 166 774 non
177 711 337 778 comitatur
350 713 525 796 simpliciter
535 714 1038 798 professionemvotorumsuhstan·

64 822 80 860 n
107 801 236 882 tialium,
251 802 305 866 sed
319 804 435 866 Statum
449 803 581 885 regular.
602 824 620 868 e
653 823 715 888 quo
729 805 778 868 ille
792 813 836 867 est
854 805 1035 887 expulsus.»

108 916 280 978 auat-u·
294 913 324 978 Si
339 915 426 995 ejecti
440 914 588 978 decedant
604 923 688 980 extra
703 916 851 988 claustra,
866 916 922 978 nisi
939 916 1039 977 locum

67 1003 230 1084 sepulturae
242 1003 408 1086 elegerint,
423 1005 455 1065 in
469 1004 596 1068 ecclesia
608 1005 770 1088 parochiali
781 1003 899 1087 sepeliri
913 1005 1039 1083 debent,

68 1111 134 1154 non
149 1093 180 1154 in
195 1095 386 1157 monasterio.
402 1093 557 1175 (Ferraria,
572 1113 621 1178 ap.
641 1098 676 1158 u.
696 1094 810 1173 Bouix,
824 1093 869 1156 Dc
882 1093 1038 1176 Regutcr„

67 1190 146 1245 tom.
161 1187 191 1256 2,
203 1201 234 1266 p.
250 1187 410 1264 all-eta.)

112 1297 201 1358 3092.
224 1296 372 1358 Caeterum
393 1297 479 1377 ejecti
500 1303 640 1360 torrentur
660 1313 839 1378 procurare,
858 1313 924 1360 sese
940 1313 1042 1358 emen·

70 1383 190 1460 dando,
205 1392 238 1448 ut
253 1386 361 1447 iterum
372 1386 403 1448 in
418 1395 600 1450 conventum
612 1385 806 1448 admittantur
818 1404 825 1446 :
837 1391 866 1448 et
879 1386 1042 1468 quominus

71 1473 256 1556 recipiantur
282 1483 407 1556 possunt
438 1476 627 1558 Religionem
653 1493 785 1556 cogere,
818 1493 890 1537 casu
917 1492 978 1554 quo
1005 1492 1043 1535 ex

74 1561 180 1626 litteris
205 1564 455 1628 testimonialibus
481 1564 628 1628 Ordinarii
656 1583 688 1626 se
715 1562 890 1626 emendatos
917 1562 1043 1643 protare

74 1652 184 1714 valent.
200 1653 332 1716 Ferraris
347 1655 390 1736 (v⁰
401 1655 432 1717 E
426 1655 504 1736 Jecti
511 1703 519 1730 ,
531 1667 564 1716 n⁰
577 1657 627 1728 53,
643 1653 725 1736 etc).
743 1656 881 1716 Attamen
897 1653 932 1713 D.
951 1650 1044 1713 lloulx

76 1742 225 1804 existimat
233 1742 325 1806 satius
334 1761 398 1805 esse
409 1749 439 1806 in
451 1743 534 1826 praxi
544 1743 568 1806 si
583 1744 615 1804 in
625 1742 682 1805 boc
695 1743 866 1805 Conventus
875 1740 912 1803 acl
926 1742 957 1803 S.
970 1741 1045 1802 Con-

76 1835 191 1914 gregat.
203 1849 357 1894 recursum
372 1831 624 1896 habeat—lusto
639 1832 763 1912 ejectus,
779 1831 802 1893 si
817 1829 994 1892 emendatus
1007 1827 1045 1890 ad

76 1922 205 1984 claustra
224 1921 344 1984 rediens
364 1939 426 1984 non
446 1921 636 2000 admittatur,
657 1927 754 2004 potest
780 1923 842 1984 tute
863 1917 1045 1984 conscientia

77 2027 235 2074 remanere
250 2011 280 2072 in
295 2011 405 2074 saeculo
423 2019 453 2074 et
467 2013 559 2074 instar
571 2011 750 2074 clericorum
770 2017 955 2072 sacramenta
970 2006 1044 2068 rcci-

78 2117 151 2182 pere
161 2101 307 2181 (Ferraria
319 2147 327 2178 ,
341 2112 372 2162 v⁰
385 2099 489 2182 Ejectr'
498 2148 506 2175 ,
523 2117 557 2162 n⁰
570 2103 631 2179 65);
646 2119 697 2162 nee
714 2099 746 2160 in
758 2098 849 2160 olium
865 2097 1045 2179 Religionem

79 2190 168 2250 etium
182 2188 325 2251 lectoren
344 2189 466 2252 introire
480 2195 598 2252 tonatur
612 2192 658 2268 (S.
676 2189 809 2272 Ligucr„
824 2188 875 2250 lib.
890 2191 921 2265 l,
938 2198 971 2248 n⁰
984 2189 1044 2264 sl).

121 2306 209 2366 3093.
219 2301 340 2376 Quaerit.
352 2305 384 2364 2⁰
395 2307 441 2364 An
453 2303 482 2363 in
493 2303 792 2384 congregationibus,
804 2301 834 2363 in
845 2299 955 2382 quibus
964 2299 1048 2362 emil-

83 2399 187 2492 tuntur
200 2401 274 2495 W.
282 2392 430 2526 {luntaxat
441 2391 606 2473 simplicia,
627 2392 691 2453 sine
704 2393 796 2452 causa
809 2389 905 2452 aalide
918 2387 1046 2470 religiosi

83 2489 197 2566 possint
210 2499 294 2562 eJrct.

123 2597 213 2677 Resp.
229 2593 391 2676 Negatiua,
405 2600 436 2656 et
454 2591 512 2656 hoc
525 2599 570 2656 est
582 2609 687 2654 rerum
702 2594 790 2653 etiam
805 2590 903 2673 quoad
919 2587 1050 2651 scholas·

83 2685 159 2748 ticos
168 2683 333 2760 Societatis,
343 2684 481 2766 quamuis
495 2682 633 2745 nonnulli
649 2699 737 2744 secus
751 2679 879 2742 sentiant
889 2676 969 2760 apud
979 2677 1051 2738 Sua-

84 2775 197 2838 reuium
220 2773 271 2855 qui
302 2773 368 2836 illos
382 2772 518 2836 confutat
541 2791 549 2833 :
573 2771 649 2833 ratio
670 2775 717 2833 est
737 2769 809 2852 quia
830 2786 885 2851 per
907 2773 1051 2830 mutuum

85 2869 273 2926 contractum
288 2862 403 2943 Religio
417 2871 446 2924 et
455 2880 565 2924 vovens
578 2879 610 2922 se
624 2858 752 2922 invicem
766 2857 1005 2930 obstrinxerunt,
1020 2861 1054 2918 ut

86 2971 197 3015 vovens
210 2971 272 3015 non
285 2950 483 3014 dimitteretur
502 2949 615 3032 absque
628 2951 740 3024 causa,
754 2945 871 3010 etiamsi
886 2946 940 3009 iste
952 2945 1053 3007 dimis-

87 3043 166 3104 sioni
186 3059 249 3104 suae
269 3041 472 3118 consentiret,
495 3038 617 3123 quando
637 3039 669 3101 in
691 3037 845 3119 Religione
865 3035 1053 3118 reperiuntur

88 3132 194 3194 saltem
217 3131 386 3194 essentialia
406 3131 506 3192 Stettrs
526 3128 677 3210 religiosi,
700 3128 772 3210 qnia
789 3126 854 3188 tatis
875 3133 968 3188 status
990 3124 1054 3185 sinc

88 3223 180 3283 causa
192 3219 301 3281 dimitti
316 3237 377 3282 non
391 3218 480 3282 debet
496 3235 586 3280 :casu
600 3225 701 3280 tamen
711 3235 772 3299 quo
786 3215 942 3297 religiosus
955 3212 1054 3274 dimia-

89 3309 168 3372 sioni
190 3328 253 3372 suae
273 3307 454 3390 acquiescit,
477 3325 568 3372 eausa
594 3308 693 3370 minor
715 3305 851 3369 sulllccre
873 3303 1003 3376 uidetur,
1028 3307 1057 3362 ct

89 3397 242 3462 sulliciens
255 3407 333 3461 esset
345 3417 375 3461 v.
391 3419 421 3480 g.
434 3397 554 3460 infirma
566 3397 714 3460 ualetudo.
726 3396 756 3459 si
770 3393 880 3458 veroin
891 3394 1057 3474 Congrogo·

90 3489 172 3551 tione
194 3506 256 3551 non
281 3495 471 3570 superessent
491 3505 559 3569 quae
579 3486 617 3549 ad
634 3486 794 3549 essentiam
816 3481 944 3565 religiosi
965 3484 1058 3543 status

91 3577 302 3661 requiruntur,
316 3589 347 3640 et
358 3577 543 3641 consentiret
554 3594 617 3640 sua
624 3575 791 3638 dimissioni
801 3573 971 3655 religiosus,
981 3571 1060 3632 virle·

95 3677 143 3731 tur
161 3687 249 3751 posse
262 3668 371 3730 ‹liruitti
391 3669 457 3730 sint
478 3671 591 3732 causa:
615 3666 687 3750 quia
707 3680 773 3728 non
784 3664 883 3726 obstat
904 3662 1059 3746 religiosus
