2534 3996
470 206 555 253 crocu
576 203 693 252 suiuus.
1005 190 1061 252 att

96 317 144 377 cst
155 311 255 376 dicere
268 307 352 392 qudd
366 307 531 390 Episcopus
545 325 607 369 non
621 306 677 368 clia
691 305 738 368 vid
752 307 843 388 quem
850 306 985 388 juridici
996 327 1064 390 pos-

97 401 137 464 sit
157 407 262 463 contra
288 396 459 477 huiusmodi
478 389 664 460 canonicum
680 395 858 477 procedere,
879 398 954 478 quin
968 400 1066 480 potitis

98 493 145 552 est
165 489 351 550 contrarium
370 486 489 563 dicere,
504 493 538 548 ut
551 491 648 568 patet:
662 491 741 546 -et
754 487 857 547 revera
870 483 955 546 aliter
974 488 1066 567 quam

97 577 225 656 juridice
245 576 389 658 prooessit
415 573 556 656 praelatus
579 573 724 651 Antistes,
745 591 781 636 ac
803 571 930 654 simplici
944 575 1069 638 Decreto

102 667 305 744 Canopicum,
328 664 366 727 de
389 683 450 744 quo
473 663 651 742 interrogata
666 661 763 724 lueret
782 663 999 744 Congregatio,
1020 683 1069 727 ex-

101 754 279 830 auctoravit3
290 772 347 816 nec
361 753 391 814 id
405 751 581 834 improbavit
592 753 622 813 S.
634 751 849 832 Congregatioz
864 752 987 814 econtra
998 755 1070 817 otim

102 843 141 907 nd
155 861 223 906 eam
235 860 392 906 recursum
406 841 558 904 habuisset
570 841 740 904 canonicus
752 839 910 904 destitutus
923 843 1071 922 proresti·

102 933 218 996 tutione
241 931 317 994 tituli
341 931 386 994 sui
410 936 440 994 et
462 930 628 1012 insignium
655 929 877 1008 canonialium,
905 931 989 1012 prius
1011 931 1072 996 dio

102 1027 169 1084 tum
190 1020 374 1104 Episcopum
396 1017 500 1082 audire
517 1018 610 1081 voluit
627 1019 658 1082 S.
685 1018 882 1100 Congregatio
896 1019 975 1082 circo
988 1039 1072 1084 verns

103 1109 234 1192 prefatae
248 1109 421 1191 privationis
434 1125 558 1186 causas,
573 1113 602 1170 et
616 1107 710 1188 ipsius
723 1106 852 1187 acceptis
865 1106 969 1170 litteris
984 1107 1073 1170 infor-

104 1197 257 1277 matoriiS,
280 1196 420 1273 tandem,
436 1199 476 1259 20
494 1201 569 1278 sept.
589 1199 683 1266 1854,
700 1202 874 1276 sequentem
890 1195 1074 1260 decisionem

105 1287 201 1350 edidit
216 1307 223 1348 :
244 1289 377 1349 «Orator
389 1287 508 1348 renium
521 1291 600 1366 petet
613 1284 652 1346 ab
665 1285 834 1366 Episcopo,
850 1284 938 1365 eique
958 1286 1074 1351 sincere

105 1398 122 1438 n
146 1395 183 1440 ne
202 1375 336 1438 dociliter
360 1393 424 1438 sese
444 1373 616 1446 submittat,
636 1379 680 1450 et,
704 1373 781 1434 datis
802 1372 934 1436 indubiis
954 1377 1074 1458 resipis-

105 1487 122 1527 »
147 1465 254 1528 centiae
267 1465 375 1546 signis.
399 1462 545 1545 supplicet
564 1461 663 1524 eidem
676 1461 825 1542 Episcopo
838 1480 893 1542 pro
911 1464 1076 1528 canonica·

106 1577 123 1615 u
147 1555 224 1616 lium
243 1553 409 1634 insignium
432 1551 629 1614 restitutione.
652 1573 667 1609 u
689 1551 733 1611 Ex
747 1568 808 1631 quo
833 1553 914 1613 certe
938 1553 1074 1616 concludi

107 1642 215 1724 nequit
227 1643 436 1704 anticononice
445 1641 541 1722 egisse
557 1638 670 1703 dictum
684 1638 877 1721 Episcopum.

148 1733 312 1809 Gaetenim,
327 1731 389 1810 jem
406 1729 635 1809 injurietur,
657 1729 736 1790 eirea
751 1728 875 1791 modum
897 1730 1076 1812 procedendi

109 1823 142 1884 in
156 1819 279 1903 praeloto
295 1818 425 1902 negotio,
441 1817 538 1880 eidem
553 1817 702 1900 Episcopo
715 1819 733 1880 e
746 1817 943 1881 Romaluerat
956 1821 1077 1903 rescrip-

108 1917 176 1973 tum
192 1930 200 1970 :
220 1931 236 1968 u
249 1909 353 1980 Quoad
365 1906 588 1969 destitutionem
601 1906 820 1969 canonicorum
831 1909 1077 1988 Honoratiorum,

109 2023 125 2059 u
150 1995 1076 2080 heumihimeudaritrcscribereAmplitndiniTuaeDD.Gigli:

111 2111 126 2148 n
152 2085 250 2148 Nullo
265 2085 366 2166 repulu
384 2083 437 2146 lide
453 2103 539 2166 super
556 2103 588 2146 re
607 2083 738 2147 existit:
752 2085 914 2167 Episcopus
929 2093 1024 2148 tumen
1039 2088 1081 2148 sic

111 2198 127 2236 n
152 2194 238 2256 opere
247 2181 343 2256 potest
356 2193 363 2234 :
378 2171 487 2234 scribat
503 2173 645 2236 Canonico
654 2173 829 2243 Honornrio,
843 2193 961 2257 eumque
976 2176 1081 2237 inritet

111 2287 127 2324 n
152 2262 193 2324 od
201 2261 392 2324 restituendus
405 2261 520 2323 litteras
524 2281 655 2344 perquns
670 2261 1019 2325 CanonimsHonornrr'us
1031 2264 1080 2326 de·

113 2375 128 2413 r
153 2351 285 2414 clorutus
299 2351 387 2431 fuit:
407 2359 436 2412 et
449 2351 476 2410 si
490 2351 521 2410 iu
541 2350 670 2412 uredinis
691 2351 899 2432 episcopalibus
919 2360 962 2414 est
974 2353 1081 2434 folium

113 2460 208 2523 oper
239 2440 317 2522 quod
340 2439 501 2500 nominatio
536 2438 677 2501 Cononiei
702 2439 867 2500 Honoratii
889 2449 1018 2516 constat,
1050 2442 1083 2501 in

115 2553 130 2592 n
154 2529 230 2592 dieti
245 2529 315 2610 solii
337 2528 471 2610 murpine
488 2527 643 2590 adnotetur
660 2528 882 2590 coniectionem
901 2529 1084 2610 infirmatum

48 2639 51 2644 ·
115 2642 130 2679 u
153 2617 255 2699 [nesse.
273 2615 354 2692 Quod
370 2616 396 2678 si
409 2617 475 2678 oerd
490 2615 652 2680 Canonicus
669 2616 852 2679 Honorurius
873 2617 989 2679 litteras
1007 2638 1084 2701 prur-

116 2729 131 2767 n
157 2703 290 2768 laudatos
311 2707 464 2768 restituere
479 2713 600 2782 renuet,
619 2703 831 2788 prescribatur
844 2725 879 2766 ne
895 2705 974 2767 inter
988 2706 1084 2770 Cano-

91 2869 100 2874 ,
116 2815 132 2855 o
156 2795 234 2856 nicos
249 2795 281 2855 in
290 2802 439 2876 posterum
452 2793 627 2875 accipietur,
640 2793 892 2875 canonialibusque
905 2797 1085 2858 coeremoniis

95 2873 111 2962 ζ
118 2907 133 2943 p
158 2881 334 2944 reinvenire
346 2883 427 2964 nesus
441 2881 469 2943 ei
481 2882 557 2942 situ
574 2883 660 2943 Certe
670 2880 778 2943 modus
788 2881 969 2963 procedendi
982 2885 1013 2946 in
1027 2883 1085 2947 hoc

94 2975 103 2988 '
118 2973 263 3051 rescripto
276 2969 422 3034 indicatus
437 2989 498 3033 non
512 2979 556 3032 est
567 2969 720 3050 juridicus.
739 2971 838 3052 Ergo,
854 2978 912 3035 etc.

104 3069 112 3107 ¹
160 3059 206 3122 Ad
221 3060 367 3122 rationem
389 3062 459 3123 verd
481 3059 512 3121 in
533 3058 717 3122 contrarium
740 3059 808 3122 Μ).
832 3059 927 3124 Bouix
949 3063 1083 3142 allatum,

118 3149 215 3214 lucilis
228 3156 273 3211 est
286 3149 441 3230 responsio
456 3167 464 3210 ε
485 3149 562 3211 sicut
579 3147 661 3210 enim
675 3147 736 3210 non
757 3155 854 3230 potest
867 3151 1005 3214 concludi
1017 3155 1084 3233 Jura

119 3235 415 3314 succursalislurum,
430 3237 498 3320 qui,
517 3236 626 3299 latente
640 3237 768 3318 ipsomet
787 3239 824 3300 D.
841 3237 935 3302 Bouix
951 3241 1005 3317 (Dr
1030 3243 1086 3304 Pu-

118 3327 222 3402 roclm,
245 3345 277 3408 p.
302 3329 391 3402 418),
415 3333 485 3389 sunt
506 3325 698 3402 emovibiles,
714 3323 824 3388 debere
845 3329 930 3408 sequi
950 3337 1086 3392 naturam

117 3417 235 3496 jurium
258 3414 457 3496 parochorum
477 3413 596 3496 proprie
618 3413 789 3492 dictorum,
808 3417 944 3497 quamvis
967 3417 1087 3482 illorum

116 3505 188 3584 juro
202 3505 264 3566 sint
275 3503 389 3584 absque
402 3501 608 3565 dubiosaltem
622 3521 691 3584 pnrs
704 3503 829 3567 istorum
843 3525 852 3582 ;
868 3507 908 3568 ito
922 3506 999 3568 mole
1013 3525 1086 3569 con·

119 3592 254 3658 cluditur
276 3591 345 3672 jura
371 3591 592 3682 canonicorum
614 3592 852 3696 Houoruiorlunp
878 3593 986 3657 debere
1001 3595 1086 3674 sequi

428 3680 603 3720 ιΜΨ
641 3679 856 3730 *us-„⁹2
888 3682 889 3686 ¹
