2534 3996
182 223 240 285 toa
393 227 534 278 urnulas
562 225 664 275 rorrus
685 221 764 272 runis
783 219 934 270 ennonror.

183 368 196 404 a
225 361 283 406 non
306 347 408 404 tamen
431 337 603 402 rescindere
625 338 752 418 possunt
775 330 969 395 matrimonia
991 333 1059 409 post
1079 345 1162 392 con·

182 457 197 492 a
223 441 324 495 truela.
349 453 363 490 a
381 429 414 493 id
433 441 477 493 est
497 446 557 491 non
574 425 688 490 iaciunt
700 429 733 488 ut
747 421 807 484 sint
819 420 901 484 nulla
919 421 943 482 si
960 418 1162 481 nibilominus

183 522 414 586 contrabuntur.
429 520 521 601 Ergo,
537 523 594 582 etc.

224 613 295 674 ltcrn
313 607 432 692 probari
447 613 545 690 potest
557 625 594 668 ex
608 603 734 668 Constit.
751 599 887 682 Gregorii
900 600 964 662 Xill
984 596 1059 660 anni
1079 600 1162 661 sset

184 720 254 767 mou
270 699 437 773 rot'orondlt,
453 697 504 760 ubi
520 695 627 760 eadem
643 696 795 776 leguntur.

226 791 344 852 Probat.
358 795 390 852 2⁰
404 788 530 850 Ratione
542 804 550 848 ι
562 787 608 848 vel
625 787 688 846 solt
701 780 915 846 constitutione
925 775 1068 842 Ecclesiae
1082 797 1162 860 pen-

185 879 233 942 det
248 879 305 942 voti
319 877 460 941 castitntis
473 874 647 937 solemnitas
656 895 664 952 ;
674 873 732 947 tel,
744 869 972 934 utcontendunt
983 867 1159 942 adversarii,

185 987 221 1032 os·
238 967 445 1030 benedictione
460 983 513 1027 scu
528 964 764 1040 consecratione,
777 961 806 1022 id
820 969 877 1033 est,
889 977 925 1021 ex
936 957 1034 1021 lormt
1049 958 1119 1038 ipst
1129 959 1160 1021 iu

186 1059 347 1120 omissione
371 1055 428 1117 uoti
454 1053 604 1128 nullribitlt;
627 1054 672 1114 vel
694 1071 729 1114 ex
750 1049 909 1112 traditione
933 1047 992 1130 ipsi
1014 1046 1162 1129 adjuncti

187 1154 217 1206 ot
235 1145 385 1226 nocoptatlt
404 1163 412 1204 :
432 1143 503 1204 nibil
528 1141 610 1204 aliud
631 1141 748 1204 vidntur
762 1158 850 1223 posse
868 1137 1046 1218 excogitari,
1069 1147 1161 1217 prout

189 1235 261 1296 nillil
279 1233 359 1296 alind
376 1233 427 1294 tirit
446 1235 547 1294 rorent
562 1233 764 1314 excogitatum
785 1229 894 1312 :atqui
916 1229 979 1292 duo
992 1225 1161 1312 posteriora

188 1324 245 1386 diri
262 1331 427 1402 ueqttennt.

224 1413 291 1475 Non
304 1413 427 1496 quidem
446 1411 578 1496 primum
595 1431 604 1474 t
633 1411 783 1493 siquidem
802 1411 937 1476 Ecclesia
951 1411 1048 1476 locere
1061 1417 1160 1494 potest

185 1507 218 1567 ut
230 1501 311 1565 idem
324 1507 425 1566 votum
445 1521 516 1565 cum
531 1499 637 1565 iisdem
661 1499 938 1578 benedictionibus,
954 1503 1163 1564 consecratio-

186 1589 291 1668 nibus,
313 1611 376 1654 uno
396 1591 505 1670 verbo,
521 1611 591 1654 cum
611 1589 715 1652 eddom
738 1591 864 1653 omnind
882 1589 979 1652 lormd
993 1592 1159 1668 emissum,

185 1681 275 1744 nrodd
292 1682 331 1742 sit
344 1681 479 1744 solemne
494 1687 521 1743 et
537 1679 627 1742 modo
648 1680 687 1742 sit
701 1679 828 1760 simplex
843 1699 850 1740 :
867 1679 990 1760 quando
1004 1680 1087 1742 eninr
1102 1682 1159 1742 Ec-

184 1769 274 1832 clesia
290 1769 379 1832 habet
393 1777 425 1832 ut
439 1769 584 1832 solemnio
607 1769 734 1848 alicujus
753 1769 872 1830 Ordinis
888 1777 976 1846 vota,
992 1769 1041 1831 illa
1057 1777 1159 1832 reteri

184 1864 255 1919 sunt
276 1857 439 1936 solemnis,
460 1857 483 1920 si
505 1857 622 1921 desinat
648 1855 757 1920 habene
781 1865 815 1920 ut
832 1858 994 1936 solemnia,
1011 1858 1160 1941 simplicia

185 1953 351 2008 remanent.
367 1949 464 2029 Ergo,
481 1953 537 2010 eto.

225 2039 369 2098 Praeterea
391 2055 425 2100 ex
450 2055 516 2118 cap.
544 2036 625 2114 (tuod
644 2044 740 2099 uotum
762 2037 985 2118 superciolo,
1010 2035 1159 2119 professio

183 2125 273 2186 oliam
292 2124 394 2198 tacito,
410 2124 485 2188 lacta
500 2125 530 2188 in
546 2127 645 2210 aliqua
659 2126 804 2208 religione
820 2127 991 2208 perSedem
1011 2129 1158 2208 Apostoli·

184 2232 249 2275 cnm
264 2213 443 2295 approbate,
468 2215 577 2278 suflicit
594 2215 631 2278 ad
647 2217 867 2277 solemnitatem
881 2224 1020 2278 votorum
1035 2217 1157 2300 religio·

184 2321 297 2365 sorum.
312 2305 391 2384 Ergo
406 2303 454 2365 illa
465 2305 637 2366 solemnitas
652 2323 713 2366 non
734 2304 869 2368 consistit
883 2305 912 2367 in
930 2305 1156 2384 benedictione,

183 2401 235 2453 aut
247 2394 487 2465 consecratione,
504 2402 555 2456 ant
568 2394 667 2476 aliqud
690 2393 786 2458 lormd
805 2394 1004 2457 determinato
1019 2394 1050 2458 in
1065 2397 1156 2459 emis·

181 2480 267 2544 sione
281 2483 338 2544 voti
354 2481 535 2544 adhibendo.

222 2573 283 2634 Nec
305 2571 395 2635 etiam
417 2571 586 2634 secundum
607 2567 667 2632 dici
692 2576 788 2654 potest
812 2591 819 2634 ε
844 2579 875 2636 et
896 2579 1015 2638 constat
1036 2577 1155 2659 primo,

184 2661 322 2744 exemplo
345 2669 481 2724 votorum
506 2681 574 2742 quse
596 2661 634 2724 ab
657 2663 846 2726 Scholasticis
868 2663 899 2726 in
916 2663 1063 2729 societate
1084 2669 1156 2730 tem

184 2753 361 2814 emittuntur
374 2751 430 2814 :illi
454 2750 626 2814 Scholastici
640 2759 710 2812 sunt
730 2751 791 2813 veri
813 2761 842 2815 et
862 2754 984 2836 proprie
1007 2755 1154 2838 religiosi,

182 2839 266 2918 juxte
285 2842 534 2902 Constitub'onem
557 2841 669 2915 Ououtd
695 2841 872 2922 fructuositas
903 2844 1038 2924 Gregorii
1069 2847 1154 2924 xttt,

184 2930 254 2990 anni
272 2933 364 3002 1583,
381 2938 412 2990 et
421 2947 473 3010 per
487 2934 554 2991 vola
569 2929 703 3010 ipsorum
716 2949 744 2991 se
763 2931 907 2993 Sorietoti
919 2932 1054 2996 dedicunt
1069 2943 1156 3016 utque

183 3027 250 3079 uctu
267 3017 404 3092 trudunt,
422 3036 505 3100 seque
519 3018 619 3080 diuino
635 3019 756 3080 seruitio
770 3021 940 3103 mancipant
958 3025 1098 3103 quantine
1119 3045 1155 3086 cu

182 3115 266 3188 purte
283 3107 411 3186 ipsorum
420 3106 543 3187 pendet,
558 3108 691 3187 quamuis
705 3107 835 3170 Societas
849 3130 905 3170 non
920 3109 1155 3174 irrevocabiliter

183 3195 417 3277 occipiat,·utqui
432 3203 533 3257 tamen
546 3195 665 3259 illorum
676 3205 742 3259 vota
752 3217 788 3260 en
803 3199 908 3260 endem
924 3199 1151 3280 Constitutione,

183 3293 253 3348 sunt
274 3283 440 3366 sirnplicia3
457 3286 530 3364 ergd
548 3303 609 3346 non
629 3286 782 3349 sulliciunt
799 3288 918 3351 traditio
938 3289 1153 3371 professionem

183 3373 351 3520 religipssm
363 3373 510 3436 comitans
525 3381 555 3436 et
568 3373 646 3438 illius
656 3378 839 3458 acceptatio,
855 3387 1000 3442 utrotum
1015 3379 1152 3444 castitatis

183 3461 378 3524 mmmm

222 3551 265 3609 lte
279 3547 360 3611 dicos
370 3550 451 3632 quod
465 3553 597 3614 Societas
612 3571 673 3614 non
691 3572 755 3618 sese
771 3555 841 3638 liget
855 3575 926 3638 erga
941 3555 1149 3638 scholasticos,

184 3635 235 3699 sed
248 3636 341 3698 libera
355 3648 508 3702 remaneat
528 3641 594 3704 illos
608 3641 799 3720 dimittendi,
814 3643 839 3706 ti
853 3651 1060 3726 opportunum
1074 3645 1150 3711 exit·
