2522 4028
205 183 264 244 252
427 199 564 244 nutritius
584 197 684 244 rorrus
704 195 786 244 runis
806 196 955 244 cmonrcr.

206 294 301 356 taliter
323 299 523 376 peccaretur,
550 292 603 355 sed
630 299 702 355 tunc
726 311 788 354 non
816 292 979 354 incurritur
1010 295 1182 375 suspendo.

250 407 265 443 a
280 385 310 446 Si
326 384 397 445 verd
412 383 480 464 quis
493 383 639 463 reciperet
652 381 864 463 Episcopaturn
879 387 948 443 ante
962 381 1185 464 sacerdotium,

209 497 222 531 a
248 471 374 535 inratidd
384 473 563 551 susciperet,
578 479 611 532 ut
620 469 730 532 docent
745 471 846 546 Suan,
863 470 973 531 Sanch.
988 471 1079 532 etalii
1097 491 1185 534 oom-

210 587 223 620 a
249 563 392 624 munitor.
407 561 439 624 Si
449 567 550 622 autern
560 559 629 642 quis
640 560 804 644 susciperet
818 559 1018 622 sacerdotium
1031 563 1188 624 anteatino

212 670 226 700 υ
250 649 387 727 ordines,
414 655 515 731 posset
537 647 661 729 quidem
684 649 852 729 Episcopus
877 646 940 708 iieri
965 653 995 710 ct
1016 647 1115 710 natine
1140 649 1189 712 hic

212 767 226 797 a
251 756 340 800 suum
356 755 468 800 munus
486 743 659 815 exerceret,
675 743 852 798 nontamen
867 735 1040 814 trecennis
1059 755 1190 820 suscep-

213 850 225 876 »
251 827 364 888 tionem
377 825 492 888 ordinis
505 825 620 888 omissi.
636 847 651 884 a
665 826 697 888 S.
713 825 847 907 Lignor„
865 825 919 886 tib.
931 831 961 902 t,
977 837 1010 887 η’
1024 827 1096 889 793.

251 919 341 979 attat.
362 915 470 976 «Cum
490 913 637 983 promotis
654 931 708 987 per
727 913 856 990 saltum,
871 913 897 976 si
917 931 980 976 non
998 913 1190 979 ministrare·

218 1019 233 1053 a
257 995 327 1065 rint,
347 993 514 1074 Episcopus
527 1013 563 1055 ex
587 995 720 1074 legitimi
741 1001 832 1060 causa
846 999 939 1077 possit
955 1000 1146 1080 dispensare.
1171 1024 1188 1062 ι

219 1084 259 1144 uit
270 1083 418 1156 Trident,
430 1101 502 1144 sess.
520 1088 570 1158 at,
584 1102 611 1145 c.
623 1088 671 1145 tt.
688 1086 745 1146 Sed
758 1086 846 1148 hodie
858 1105 946 1167 poena
955 1107 1116 1169 suppressa
1129 1099 1189 1165 est,

258 1173 291 1234 Si
316 1173 559 1247 ministraverint,
582 1174 870 1254 irregutarcseffeoti
894 1183 977 1240 sunt.
996 1177 1072 1241 vite
1094 1181 1188 1242 Card

220 1261 334 1341 Sngtiu,
349 1259 423 1324 Inst.
432 1261 499 1344 jar.
511 1263 609 1341 prin,
623 1263 639 1345 5
652 1265 704 1339 50,
720 1263 751 1325 in
765 1262 837 1328 tino.

666 1395 685 1475 ξ
703 1395 753 1457 lv.

244 1531 289 1592 De
311 1531 372 1592 loeo
390 1539 420 1592 et
439 1531 525 1591 statis
545 1529 765 1590 ordinationum
785 1528 885 1592 dr'ehns
897 1550 932 1593 oc
944 1529 979 1594 de
992 1530 1179 1596 interstitiis.

264 1681 420 1743 roan-1.
433 1678 521 1742 Circo
532 1677 634 1739 torum.
648 1681 678 1739 tr
690 1677 839 1758 Episcopo
848 1677 916 1740 ticet
930 1678 1050 1741 ordines
1059 1681 1202 1746 conterre

223 1772 341 1832 tantum
356 1769 388 1830 in
403 1768 524 1850 proprii
544 1767 685 1845 dioecesi,
702 1765 758 1827 nisi
779 1765 930 1828 licentiato
946 1767 1053 1829 hatnar
1069 1770 1201 1833 Ordina-

224 1859 280 1935 rii,
295 1859 340 1920 rel
358 1856 479 1918 ttbbatis
493 1855 643 1937 exempti:
659 1861 711 1917 aut
728 1853 753 1917 si
771 1853 856 1917 iocus
873 1864 1031 1937 exemptus
1046 1857 1124 1920 iutra
1144 1860 1202 1920 aii-

225 1965 318 2029 quam
336 1945 489 2008 dioecesim
511 1943 699 2016 includatur,
715 1943 855 2026 Episcopi
869 1944 948 2007 iliius
960 1943 1098 2008 diaecesis
1117 1965 1126 2007 τ
1144 1966 1203 2011 nec

225 2037 315 2098 ctiam
336 2038 435 2097 Romae
456 2033 622 2096 cardinalis
640 2039 740 2115 posset
758 2033 880 2096 ordines
899 2033 1037 2098 conterre
1058 2037 1126 2098 sine
1145 2038 1203 2099 Vi-

225 2125 296 2187 carii
311 2123 399 2188 Urbis
412 2140 573 2185 consensu.

266 2219 298 2276 2⁰
313 2216 347 2274 ln
366 2213 532 2274 cathedrali
551 2211 699 2283 Ecclesia,
720 2213 831 2276 vocatis
851 2213 1049 2296 presentibus
1071 2215 1203 2278 Canoni-

225 2303 286 2380 cis,
308 2301 514 2364 ordinationes
531 2319 685 2364 sacrorurn
705 2303 848 2365 ordinurn
869 2303 989 2384 publici
1010 2303 1203 2368 celebrandae

226 2399 306 2454 sunt.
323 2391 352 2453 Si
367 2399 467 2454 autern
483 2391 513 2452 in
526 2391 584 2452 atio
597 2389 735 2454 dioecesis
748 2391 815 2454 loco
834 2401 1035 2474 peragantur,
1057 2393 1201 2474 dignior,

226 2483 373 2562 quantuni
388 2480 452 2543 fieri
469 2480 592 2562 poterit,
605 2480 728 2542 ecclesia
743 2481 876 2548 adeatur.
887 2489 916 2543 ct
929 2481 1005 2542 adsit
1018 2481 1116 2544 olcrus
1127 2483 1201 2546 loci.

226 2569 331 2652 (Trid,
353 2589 426 2633 sess.
452 2571 503 2648 23,
523 2587 552 2631 c.
574 2573 609 2646 8,
624 2568 658 2632 de
671 2570 870 2650 reform.)-·n
885 2570 954 2632 Scio
967 2578 1085 2647 tamen,
1100 2572 1204 2654 inquit

226 2681 241 2720 n
266 2662 297 2722 S.
313 2658 448 2741 Liguon,
462 2657 515 2720 lib.
531 2661 562 2734 a,
578 2667 612 2719 nt
626 2662 700 2733 798,
715 2659 817 2740 plures
835 2659 999 2740 Episcopos
1012 2660 1102 2721 etiarn
1116 2661 1202 2724 ordi-

226 2771 241 2807 n
266 2767 321 2811 nes
334 2767 435 2811 sacros
448 2746 586 2809 solereio
601 2747 715 2828 privato
728 2747 837 2809 sacello
847 2745 996 2810 conterre.
1011 2749 1100 2810 Forte
1109 2747 1199 2816 hodie

227 2860 241 2898 a
265 2839 310 2901 sic
323 2855 396 2900 usus
409 2836 508 2898 habet.
523 2857 539 2895 r

266 2929 357 2991 2023.
373 2924 500 2988 Ordines
509 2921 642 2988 minores
651 2925 911 2988 exconsuetudine
922 2925 1050 2989 conferri
1059 2935 1196 3009 possunt,

227 3035 289 3078 non
298 3016 416 3077 tanturn
426 3014 457 3074 in
472 3012 580 3076 sanctio
593 3014 710 3092 Palatii,
726 3013 778 3075 sed
792 3015 882 3076 etiam
895 3021 978 3094 extra
987 3014 1155 3094 dioecesinr,
1169 3025 1199 3079 et

227 3105 292 3166 sine
307 3102 439 3165 vestibus
452 3100 683 3183 pontificatibus.
700 3105 743 3164 ita
756 3101 911 3184 Phillipps,
933 3109 1009 3166 tom.
1024 3109 1039 3167 t
1054 3151 1062 3180 ,
1078 3123 1109 3185 p.
1124 3109 1194 3168 469.

226 3195 292 3254 Non
306 3198 407 3253 tamen
421 3190 459 3253 de
472 3189 530 3253 hoc
553 3208 660 3254 omnes
682 3190 886 3253 consentiunt.
908 3191 983 3254 Vide
1006 3191 1085 3256 diota
1106 3209 1196 3276 supra

266 3370 467 3431 aaut-11.
493 3368 581 3432 Circa
601 3377 692 3432 statos
713 3368 931 3432 ordinationum
948 3369 1020 3432 dies.
1043 3375 1075 3433 t·
1095 3369 1196 3433 Prima

226 3463 350 3628 tpnsupp
363 3456 492 3608 opnferri
506 3463 620 3539 potant,
631 3475 826 3540 quocumque
835 3457 895 3537 dia,
906 3461 981 3523 hort
992 3468 1022 3522 et
1030 3459 1108 3524 loco.
1120 3459 1196 3522 Vide

256 3555 316 3608 ontt
342 3566 375 3609 ca
389 3565 415 3608 o.
