2534 3996
500 262 586 314 uusm
606 262 724 316 essuos.
1046 244 1105 304 eta

359 427 396 474 ult
417 426 556 474 stomaro
578 427 631 472 SEU
652 427 870 474 uuuseunlnlo.

171 542 259 603 22l9.
283 537 461 601 Sarristaest
471 537 683 600 canonieusad
693 555 785 618 quem
796 537 932 619 proxime
943 555 1096 600 sacrorum

131 646 270 692 vasorum
284 635 314 690 et
327 626 458 689 thesauri
468 626 658 689 ecclesiastici
669 645 741 688 cura
751 633 874 708 spectat.
886 627 958 707 Gap.
970 627 1099 696 unicam.

132 717 167 780 de
179 716 280 798 officio
294 715 446 786 Socristoe,
464 721 495 778 et
508 733 573 796 cap.
593 714 738 779 Perloctis
748 715 839 776 modo
852 714 986 776 citatum.

173 806 301 868 Sacrista
323 811 424 868 autem
438 803 543 884 subjici
562 803 651 866 debet
671 803 910 882 llrolridiaeono,
934 803 965 864 in
987 803 1023 866 iis
1036 821 1104 885 quaa

133 895 285 978 pertinent
297 893 334 956 ad
355 893 561 975 impletionem
583 893 630 954 sui
645 894 800 968 muneris,
824 911 892 974 cap.
908 890 957 954 Ad
977 892 1054 970 ltoeo,
1069 891 1105 953 de

133 983 215 1066 ⁰sfi0·
231 980 368 1055 antid..
384 988 415 1044 et
428 999 495 1063 cup.
514 981 555 1045 Ut
567 982 655 1050 sciat,
672 981 706 1042 de
720 980 866 1043 Socristd.

520 1147 559 1190 DE
580 1147 718 1193 cusrobn.

162 1259 264 1318 ’21111
287 1254 393 1317 Custos
407 1273 444 1316 ex
458 1253 645 1319 institutione
659 1257 713 1317 sut
727 1261 772 1318 est
791 1255 877 1338 quasi
896 1256 1031 1319 Minister
1051 1259 1105 1320 Sa·

135 1343 257 1410 erisne:
273 1344 325 1406 sed
339 1342 447 1406 modus
456 1362 518 1427 quo
531 1343 590 1404 hoo
603 1362 715 1406 munus
725 1344 1106 1408 exerceturdirersificatur

134 1452 192 1514 pro
205 1434 344 1496 varietate
358 1433 503 1496 locorum.
520 1432 596 1494 Vide
616 1433 797 1515 explicatum
810 1437 828 1496 a
844 1435 990 1498 Leurenio
1002 1481 1011 1512 ,
1025 1435 1106 1516 apud

136 1525 174 1584 1).
192 1522 288 1584 Bouix
303 1521 404 1604 (ibid,
420 1541 451 1604 p.
469 1525 550 1600 135).

354 1671 391 1716 ult
412 1671 600 1718 PUNCTATORE
621 1671 659 1716 br
680 1671 747 1718 tatus
767 1672 891 1720 orulclo.

178 1788 268 1846 ml.
289 1784 389 1846 Facile
402 1783 596 1847 eluderentur
609 1784 751 1847 salutares
765 1785 907 1848 Ecclesia
919 1787 1106 1852 constitutio-

137 1891 194 1936 nes
216 1875 296 1936 oiroa
319 1873 539 1936 canonicorum
558 1872 751 1936 residentiam
774 1881 804 1936 et
827 1874 1041 1957 obligationem
1064 1879 1107 1941 eis

136 1963 310 2044 impositam
324 1964 379 2025 rite
392 1962 491 2024 divina
505 1961 602 2026 ollloia
616 1962 775 2044 explendi,
791 1963 849 2026 nisi
863 1965 895 2026 in
910 1965 1036 2048 singulis
1051 1969 1106 2030 Ca·

136 2051 322 2114 thematibus
335 2059 365 2114 et
378 2051 545 2132 collegiatis
563 2051 636 2114 certi
655 2051 885 2132 designarentur
900 2055 1042 2118 Canonioi
1056 2063 1107 2118 aut

139 2140 189 2202 alii
204 2139 397 2204 ecelesiastici
414 2161 430 2199 u
443 2139 552 2222 quibus
565 2159 643 2202 onus
657 2140 846 2204 incumberet
859 2145 997 2206 accurate
1010 2163 1107 2208 anno-

138 2251 155 2289 1
180 2229 260 2292 tandi
274 2235 432 2311 quotquot,
445 2229 476 2290 in
490 2228 583 2292 oborn
593 2229 718 2310 aliisque
731 2231 821 2292 saeris
831 2230 1046 2307 functionibus,
1058 2233 1108 2298 do-

138 2341 155 2378 a
180 2317 357 2392 siderantur,
374 2324 405 2380 et
418 2316 528 2398 quibus
541 2317 719 2380 nominatim
733 2317 855 2397 diebus,
871 2327 923 2384 aut
935 2323 953 2383 11
966 2326 1026 2405 qua
1039 2341 1107 2404 spe-

138 2430 155 2466 n
181 2407 281 2469 oiatim
295 2406 385 2468 divini
406 2405 495 2468 officii
510 2413 604 2488 parte,
619 2405 669 2469 hio
691 2414 743 2469 aut
756 2405 805 2469 ille
823 2426 855 2470 se
876 2409 1034 2474 subducat.
1051 2413 1108 2485 Oui

139 2518 156 2556 a
180 2497 250 2558 verb
263 2495 300 2558 ad
311 2495 458 2576 eJusmodi
468 2513 578 2557 munus
589 2494 827 2570 destinantur...,
843 2517 925 2561 nuno
937 2503 1108 2564 eommuni-

140 2609 156 2646 1
180 2583 1040 2670 ter...dicunturPunotatores.r(Bened.x1v,bespn.‚
1055 2591 1106 2653 lib.

139 2682 180 2755 1,
196 2695 264 2758 cap.
278 2678 322 2753 l.)

181 2769 269 2827 2222.
293 2763 460 2828 Universim
475 2761 677 2845 loquendo...,
698 2761 910 2840 Punolatores‚
935 2765 1108 2850 priusquam

141 2853 275 2916 otlloium
297 2857 468 2929 assumant,
488 2853 660 2932 iuramento
681 2850 826 2932 obstringi
848 2851 959 2916 debent
980 2855 1018 2920 ad
1036 2857 1109 2921 illud

142 2943 271 3005 fideliler
289 2941 474 3006 obeundum.
495 2943 538 3004 lta
557 2943 589 3002 S.
612 2941 645 3002 C.
665 2940 772 3018 Gonu,
794 2940 825 3002 in
843 2941 1048 3023 Mueeratensi,
1070 2953 1109 3013 26

141 3051 207 3114 apr.
225 3035 312 3095 lost.

182 3123 289 3184 Coram
303 3120 465 3202 deputante
478 3119 552 3181 illud
564 3120 769 3200 iuramentum
782 3125 828 3183 est
837 3123 1056 3204 prestandum,
1071 3143 1110 3189 ex

142 3211 209 3275 ead.
226 3213 257 3273 S.
274 3211 396 3289 Congo,
411 3211 442 3270 in
456 3211 547 3272 causa
559 3208 698 3290 Senensi,
716 3213 752 3272 13
763 3209 820 3289 jul.
838 3213 926 3276 1686.

182 3303 271 3362 2223.
294 3299 466 3376 Punolator,
478 3299 563 3378 iuxta
576 3298 633 3361 loci
648 3299 908 3376 eonsuetudinem,
921 3301 959 3363 ad
973 3319 1109 3367 mensem

143 3389 189 3450 rel
203 3388 241 3450 ad
254 3406 369 3450 annum
381 3388 527 3450 nominari
538 3393 635 3469 potest
650 3407 658 3448 :
674 3393 705 3449 et
718 3387 852 3470 quandiu
863 3388 1004 3470 perdurat
1018 3392 1111 3472 ipsius

143 3495 256 3540 munus
271 3475 406 3540 Saorislae
418 3475 577 3538 Praeleclus
590 3476 726 3557 deputari
740 3496 802 3539 non
812 3477 912 3555 debet,
928 3497 984 3541 neo
994 3481 1111 3543 llebdo·

143 3565 315 3642 madusius,
337 3565 409 3648 quia
430 3583 608 3646 permanere
626 3571 744 3628 tenetur
766 3567 797 3626 in
818 3564 911 3628 oboro
930 3566 969 3627 ab
986 3568 1110 3630 exordio

144 3671 241 3737 usqne
260 3653 298 3715 od
316 3653 410 3715 linem
423 3653 592 3716 divinorum
607 3653 786 3717 officiorum.

51 3926 53 3928 .
95 3926 102 3928 ..
127 3926 137 3945 Ι.
190 3932 247 3949 h!-
