2522 3992
212 157 268 220 titi
425 165 561 213 nituntur
582 166 682 212 ronus
702 166 784 212 runis
805 163 954 212 cunonict.

247 269 416 330 eilde-5⁰
431 265 578 328 Prolossio
589 265 694 327 liberet
708 263 876 348 professum
891 261 1015 343 doetrid
1026 269 1207 344 potestate,

208 375 268 417 non
283 356 420 420 olrstnnte
435 355 500 436 lege
514 355 591 416 oirili
604 375 612 432 ;
625 363 652 418 ot
668 353 725 416 hoo
739 361 855 417 corturn
867 359 931 415 est:
947 351 1032 414 unde
1048 361 1208 433 parentes

207 446 257 525 qni
273 445 407 508 sreoulsri
431 444 499 526 lege
515 443 609 505 innixi
634 443 729 506 filiurn
749 453 800 507 out
820 443 935 520 filiam,
956 449 1027 523 post
1040 442 1207 504 emissam

209 534 440 608 Profestonem,
450 534 623 595 eoonrentu
631 532 832 611 extraherent,
844 529 1051 613 proculdubio
1061 531 1208 614 graviter

210 629 378 704 peccarent.
394 621 489 685 Bouix
504 620 571 700 (in,
587 640 617 703 p.
634 625 715 700 etr).

250 712 355 774 Plures
369 712 418 774 olii
435 709 559 774 effectus
574 709 770 774 professionis
786 711 934 792 religiose
947 707 1113 770 numerari
1128 728 1205 790 pos·

210 807 291 874 sent,
308 799 360 862 sed
379 799 425 862 vel
445 818 484 862 en
505 805 594 862 anteo
614 799 701 862 dictis
725 800 772 864 vel
793 819 830 862 ex
851 797 928 862 intro
944 796 1089 860 dicendis
1109 798 1201 860 sulli-

211 890 324 952 oienter
337 887 462 970 intelligi
476 895 626 970 poterunt.

580 1075 757 1141 PUNCTUll
780 1074 818 1138 V.

213 1246 284 1302 outo
305 1243 350 1290 Sl'l'
380 1245 521 1293 tondunt]
540 1248 571 1292 tn
598 1249 670 1294 ClSU
692 1245 900 1293 PROFESSIONE
927 1245 1052 1291 nultius
1086 1245 1150 1290 vet
1170 1246 1200 1288 Γ(

453 1346 511 1402 QUO
533 1346 569 1392 UT
591 1347 684 1392 nunti
707 1343 935 1391 nrturuttntrun.

254 1493 344 1556 ulli.
359 1529 398 1541 -
420 1493 448 1555 t·
461 1491 594 1554 Nulliter
615 1489 783 1572 protessus,
803 1496 924 1552 remoto
949 1487 1198 1569 impedimento,

214 1584 431 1648 Protessionem
446 1590 592 1648 rotinoere
605 1595 701 1668 potest
714 1584 847 1667 expresse
860 1583 904 1646 vel
917 1581 1005 1644 taciti
1014 1601 1024 1641 .·
1034 1581 1196 1661 Eupo-esse

215 1691 315 1735 mrem
336 1675 496 1756 Superiore
522 1675 547 1738 si
579 1693 669 1738 causo
690 1673 832 1736 nullitntis
852 1673 939 1734 fuerit
961 1676 1048 1742 nota,
1070 1670 1194 1750 absque

215 1763 374 1843 superiore
392 1763 416 1824 si
439 1763 555 1826 occulto
569 1763 657 1825 luerit
676 1781 790 1838 causa3
816 1759 915 1824 Taciti
933 1759 958 1822 si
976 1757 1192 1820 Professorum

215 1849 349 1912 habiturn
365 1851 520 1933 proprium
534 1849 647 1913 delerat
663 1898 671 1927 ‚
686 1859 828 1931 actusque
842 1850 884 1911 eis
898 1847 1035 1930 proprios
1050 1853 1193 1908 exenensi

214 1956 285 1999 cunr
299 1938 465 2001 intentione
487 1946 522 2000 ut
537 1939 603 2001 telis
619 1938 737 2000 Ordinis
751 1938 901 2021 protessus
916 1935 1072 1998 etliointur.
1088 1935 1126 1998 S.
1142 1933 1191 1996 Li·

216 2045 315 2106 guor.‚
331 2025 384 2088 lib.
400 2031 430 2096 l,
447 2035 480 2087 n⁰
494 2031 524 2102 83
540 2029 602 2088 DD.
620 2028 756 2099 Bourier‚
772 2027 817 2088 ne
833 2024 985 2106 Decoloqo.

256 2118 346 2178 rtis.
363 2149 402 2160 -
415 2119 447 2176 2⁰
456 2115 645 2196 Quicumque
656 2115 776 2178 nulliter
789 2121 836 2176 est
849 2113 1011 2196 protessus,
1022 2111 1193 2174 reclamare

217 2209 312 2283 potest
334 2203 480 2265 servando
497 2202 707 2285 dispositiones
724 2201 999 2286 Conciliid'rident.
1015 2201 1106 2280 (sess.
1134 2206 1190 2274 25,

217 2308 282 2371 (τεῳ.
301 2295 353 2368 to,
368 2290 403 2352 de
417 2291 571 2373 Requlor.)
585 2291 636 2356 ubi
650 2293 822 2355 decernitur
836 2311 844 2354 :
865 2313 880 2350 o
894 2291 1084 2370 Quicumque
1098 2309 1192 2371 regu·

219 2403 232 2436 i
257 2379 326 2442 laris
351 2381 515 2462 praetendat
533 2399 565 2444 se
583 2400 637 2464 per
659 2382 720 2444 vim
738 2388 767 2444 et
790 2387 905 2444 metum
931 2380 1103 2461 ingressum
1125 2395 1193 2440 isse

219 2493 232 2526 o
256 2469 462 2551 Religionem
479 2477 531 2534 eut
550 2470 637 2534 etiarn
653 2470 746 2550 dieat,
762 2478 831 2534 onte
844 2475 960 2532 aetetern
975 2468 1108 2530 debitam
1124 2487 1194 2550 pro

220 2582 233 2616 o
257 2557 370 2622 fessum
385 2558 491 2636 luisse,
507 2567 558 2622 out
578 2559 649 2641 quid
663 2559 777 2637 simile;
792 2559 922 2640 velitque
936 2557 1072 2620 habitunt
1080 2555 1191 2618 dimit·

220 2671 233 2705 n
257 2655 320 2710 tere
334 2651 527 2730 qudcumque
540 2648 578 2710 de
592 2652 683 2711 coust
695 2695 703 2724 ‚
721 2649 874 2711 autetiam
889 2663 959 2710 curn
974 2645 1078 2708 habitu
1092 2645 1191 2708 disoe-

221 2760 234 2792 o
258 2737 329 2800 dere
347 2738 412 2800 sine
436 2738 554 2800 licentio
567 2738 777 2819 Superiornm,
793 2755 855 2798 nnn
870 2735 1026 2812 audiatur,
1042 2735 1100 2796 nisi
1114 2734 1192 2796 intre

221 2849 235 2880 n
260 2827 502 2907 quinquennium
521 2827 670 2888 tantuma
688 2825 736 2888 die
755 2825 963 2906 professionis,
983 2831 1014 2886 et
1034 2831 1111 2886 tuno
1128 2843 1190 2886 non

221 2937 235 2970 ι)
259 2915 343 2975 aliter
372 2913 427 2975 nisi
453 2933 558 2978 causas
587 2933 662 2995 quas
681 2911 872 2996 praetenderit
898 2912 1059 2976 deduxerit
1087 2930 1190 2974 oorern

222 3001 421 3082 »Superiore
448 3021 503 3064 suo
529 3008 561 3064 et
586 3002 754 3065 Ordinario.
783 3001 868 3075 Quod
891 3002 916 3064 si
939 3008 1027 3064 antea
1055 3000 1189 3063 habiturn

222 3111 236 3147 n
261 3089 1191 3172 spontedinriseritnullatenusodallegondurnquemeumque

223 3201 238 3236 o
261 3195 383 3240 causant
396 3177 580 3256 adrnittatun
595 3179 647 3243 sed
661 3180 699 3241 ad
712 3184 928 3242 monesterium
942 3179 1041 3242 redire
1053 3185 1188 3260 cogetur,

227 3375 236 3403 ι
254 3368 377 3405 redonnus
394 3367 437 3420 per
456 3353 477 3402 la
491 3351 523 3402 loi
537 3353 576 3415 (en
591 3353 701 3416 Franco),
715 3369 763 3404 nne
775 3353 905 3420 religieuse
916 3353 972 3420 qui,
988 3355 1060 3419 rores
1077 3355 1113 3406 les
1124 3356 1191 3408 nroir

227 3445 237 3472 ι
256 3424 406 3491 pronuncio,
419 3424 614 3475 abandonnernit
624 3441 669 3475 son
679 3425 743 3482 etat,
754 3440 784 3475 ne
792 3424 900 3491 ponrrnit
909 3439 935 3476 se
946 3425 1035 3476 murier
1046 3435 1120 3477 arent
1129 3427 1189 3478 l'ex·

228 3515 238 3542 ι
257 3494 360 3559 piration
373 3496 460 3546 deson
477 3502 648 3562 engagement.
669 3495 789 3546 t’utncter
804 3497 834 3546 de
847 3496 913 3547 l'etrt
925 3495 980 3546 civil
993 3497 1087 3548 derrnit
1100 3499 1189 3550 reluser

230 3585 239 3612 ι
257 3564 327 3681 dm
340 3563 370 3614 de
382 3565 540 3618 celebretion.
551 3585 562 3612 ι
572 3565 698 3628 dulmene,
714 3567 753 3618 ΤΥ.
765 3567 792 3617 de
802 3565 883 3617 l'adm.
897 3572 1000 3631 tempor.
1010 3567 1053 3618 des
1064 3583 1184 3620 comm

229 3648 254 3683 re
265 3634 307 3698 iq..
319 3651 342 3700 p.
355 3636 393 3686 dl.
