2534 3996
408 269 496 317 muse
516 265 636 314 narnus.
956 245 1014 309 323

39 375 208 457 Episcopo,
223 372 347 455 quando
367 369 511 434 canonici
534 385 641 430 eorum
656 363 770 428 habent
786 364 1016 428 administratio-

40 451 1015 540 nem.ItadecisumbS.congr.cono.,indsteasi,l2jul.1682.

40 551 146 636 (Apud
160 551 197 613 D.
214 549 320 628 Bouix,
335 549 380 612 De
395 547 556 632 Capitalis,
568 565 600 628 p.
617 541 701 624 ilc.)

381 679 419 724 bn
440 675 674 725 columnarium

83 784 173 844 2236.
195 779 363 844 Canonicus
383 779 440 858 (vel
461 777 611 860 Dignitns)
625 777 678 859 qui
698 777 876 858 impeditur,
891 776 938 842 vel
958 797 1022 844 non

42 869 107 936 ,vult
126 887 216 932 suum
234 867 368 932 officium
388 867 529 949 implere,
552 872 649 948 potest
667 865 831 948 aliquando
851 869 870 929 ia
891 869 923 930 S.
946 870 1025 932 Pon·

43 958 125 1021 tifice
143 959 278 1020 obtinere
296 964 329 1020 ut
347 957 455 1039 aliquis
468 956 524 1019 sibi
539 955 571 1018 in
590 955 672 1018 dioto
690 955 809 1018 servitio
824 955 1022 1038 subrogetur,-

45 1055 75 1110 ct
92 1048 137 1109 sic
153 1047 330 1109 substitutus
346 1045 506 1126 Cmrlj'utor
526 1051 666 1107 vocatur:
683 1044 804 1106 nonnisi
823 1047 1021 1109 consentienti

46 1145 76 1198 ct
89 1137 254 1218 requirenti
266 1133 409 1215 coadjuto
423 1134 487 1197 dari
496 1133 596 1212 debet,
605 1133 690 1212 juata
699 1133 833 1196 Ferraris
842 1139 882 1212 (v⁰
898 1133 1023 1198 Canoni-

46 1235 150 1302 cutas,
166 1232 222 1288 art.
240 1227 289 1302 10,
306 1229 340 1285 n⁰
353 1225 394 1302 r).

90 1313 170 1376 Licet
182 1312 304 1375 haberet
317 1311 531 1394 expectativam
546 1329 601 1374 seu
611 1311 662 1391 jus
671 1310 853 1374 succedendi
864 1313 1021 1392 Coadjuto‚

48 1421 112 1466 non
139 1407 218 1464 esset
242 1406 345 1463 tamen
371 1403 440 1464 vere
466 1401 657 1476 Canonious,
682 1418 739 1462 nec
761 1400 1026 1466 deliberationibus

48 1490 177 1572 Capituli
200 1489 342 1552 interesse
363 1495 483 1571 posset,
503 1488 594 1550 etiam
608 1488 732 1550 absente
751 1487 907 1568 coadjuto.
926 1491 970 1552 Ila
987 1493 1024 1554 b.

48 1580 166 1657 Bouix,
189 1579 233 1642 De
258 1578 410 1661 Capitalia
431 1581 477 1660 (p.
503 1579 591 1660 lll);
611 1576 665 1639 sed
686 1575 718 1638 in
738 1577 868 1640 decursu
890 1579 1026 1658 ejusdem

48 1668 169 1752 operis,
184 1687 215 1749 p.
238 1671 313 1743 198,
335 1667 415 1729 idem
436 1671 548 1729 Auctor
566 1667 671 1728 asserit
689 1665 899 1745 Coadjutorem
917 1667 1027 1729 babere

48 1775 157 1819 vocem
175 1757 206 1817 in
222 1755 358 1838 capitulo
376 1755 433 1819 nisi
448 1754 609 1835 coadjutus
626 1754 820 1828 interveniet,
837 1761 866 1816 et
882 1755 953 1818 citat
969 1758 1029 1818 De·-

50 1847 198 1908 cisionem
223 1846 255 1908 S.
285 1847 318 1906 c.
339 1845 445 1924 cono,
465 1863 534 1925 quae
555 1843 692 1926 prohibet
713 1843 836 1926 quidem
859 1841 1027 1926 Coadjutori

52 1934 190 2016 cnpitulo
214 1931 414 2006 intervenire,
440 1933 493 1996 sed
515 1933 647 2015 loquitur
672 1935 790 1996 tantiam
812 1933 850 1995 de
873 1952 944 1997 casu
967 1953 1028 2016 quo

52 2023 218 2103 coadjutus
231 2021 358 2085 adesset.

95 2113 173 2174 Cinn
196 2111 341 2173 rarissimi
369 2110 428 2173 sint
451 2111 531 2194 apud
557 2130 613 2174 nos
636 2111 679 2191 (si
706 2117 808 2176 tamen
825 2112 935 2176 alieubi
956 2114 1029 2192 sint)

51 2199 231 2282 hujusmodi
245 2198 450 2280 coadjutores,
468 2200 541 2262 nibil
555 2201 684 2284 amplibs
697 2200 735 2264 de
748 2201 791 2264 eis
804 2201 1030 2266 dicemusvide

52 2288 261 2372 ap.D.Bouix,
277 2289 369 2370 ib.,p.
380 2292 449 2365 Μὴ
464 2289 678 2367 etFerraris,v·
690 2288 895 2371 Canonicotus,
905 2297 961 2354 art.
978 2295 1027 2357 10.

287 2419 324 2464 brt
345 2417 497 2465 cauomcts
518 2419 802 2466 surranuunnsnns

98 2517 187 2579 2237.
206 2513 344 2577 Diximus
358 2531 448 2596 supra
462 2511 570 2596 (2169)
588 2517 650 2575 tres
662 2531 727 2576 esse
740 2513 855 2597 species
869 2515 1032 2580 canonico-

56 2624 130 2669 rum
144 2602 489 2687 supernumerariorum.

102 2701 134 2758 1⁰
148 2693 253 2767 Quoad
272 2693 400 2774 primam
421 2692 573 2774 speciem,
592 2691 771 2756 habentium
788 2691 925 2757 videlicet
946 2715 1031 2780 spem

58 2785 98 2850 ad
111 2781 307 2868 praebendam
327 2781 425 2862 primo
443 2788 632 2860 vacaturam,
652 2781 898 2862 distinguendum
920 2791 964 2848 est
985 2786 1031 2848 ln-

59 2881 174 2938 tereos
191 2871 259 2956 qui,
273 2869 351 2932 ultra
369 2871 582 2952 expectativam
594 2917 603 2947 ,
615 2870 728 2932 habent
747 2871 837 2932 etiam
848 2874 898 2953 jus
912 2874 948 2936 ad
962 2875 1032 2938 stal-

60 2965 126 3028 lum
141 2963 172 3026 in
187 2960 278 3023 choro
292 2965 322 3022 et
338 2959 437 3023 locum
452 2959 484 3022 in
502 2959 648 3042 capitulo,
664 2966 693 3022 et
705 2958 737 3022 hi
749 2961 811 3023 reri
830 2971 929 3026 essent
940 2966 1034 3029 cano·

61 3054 139 3130 nici3
164 3057 194 3113 ct
210 3049 283 3112 alios
306 3048 358 3130 qui
381 3049 492 3112 habent
512 3048 679 3130 simplicem
700 3049 932 3132 expectativam,
954 3055 1033 3118 ethi

62 3161 126 3206 non
155 3144 255 3203 essent
281 3137 343 3200 veri
378 3137 531 3200 Canonici.
561 3138 620 3200 Sed
646 3139 842 3221 expectalivas
867 3141 1034 3208 Concilium

60 3231 273 3298 'tridentinum
286 3225 458 3310 probibuit,
474 3245 546 3290 sess.
563 3231 619 3302 cl,
634 3247 662 3292 o.
679 3231 737 3292 ta:
753 3229 834 3292 unde
851 3231 966 3314 praelati
983 3235 1035 3296 Ca-

61 3319 166 3384 nonici
179 3319 225 3381 rel
240 3333 301 3380 non
319 3315 470 3393 existunt,
484 3317 532 3380 rel
549 3317 693 3381 rarissimi
711 3325 800 3396 sunt,
816 3321 888 3384 cirm
902 3339 1035 3385 necessa·

62 3411 108 3475 ria
121 3409 159 3471 sit
171 3405 354 3489 dispensatio
367 3405 536 3470 Pontificio.

104 3504 137 3561 2·
151 3499 194 3559 De
208 3495 445 3577 secundtspecie
458 3493 676 3560 canonicorum
690 3501 1033 3584 supernumerariorum,

63 3588 180 3658 scilicet
192 3585 231 3648 de
240 3585 347 3648 creatis
357 3583 398 3645 ad
409 3585 539 3659 donnes,
555 3603 627 3648 mox
640 3586 748 3653 dicturi
762 3609 868 3655 sumus
878 3595 986 3672 (2239).

105 3679 196 3740 2238.
221 3676 254 3738 3Φ
276 3671 380 3746 Quoad
401 3673 520 3736 tertiam
544 3673 698 3758 speciem:
720 3696 826 3743 eorum
850 3698 960 3762 nempe
983 3681 1034 3760 qui
