2528 3996
169 213 172 220 ’
206 205 266 266 530
427 224 564 272 tinnulus
584 225 684 270 mnus
705 224 786 270 runis
808 223 955 270 canonici.

207 321 385 398 Sabbatum,
397 321 558 400 Vigilinset
573 321 750 384 Dieslestos.
769 319 1022 400 lnsupcrliecntia
1034 320 1197 386 subserssri

206 409 326 472 1111111
342 411 465 472 l’raulato
480 409 607 491 regulari
619 409 718 492 quoad
734 408 880 470 moniales
893 416 1060 490 exemptas.

247 501 336 560 2859.
360 497 499 580 lteligiosi
520 499 706 579 alloquentes
727 497 875 559 moniales
895 497 1003 559 aliasve
1018 497 1081 559 sub
1107 499 1196 564 elau-
1245 489 1246 574 Ξ

208 590 279 648 sura
300 587 446 668 degentes
461 587 526 649 sine
551 587 680 659 luentia,
706 586 863 648 incurrunt
877 586 943 667 ipso
962 584 1041 648 laeto
1060 605 1196 651 excom·
1245 623 1246 670 q

208 675 443 737 murrieationem
466 695 594 743 ,necnon
635 677 833 758 privationem
873 674 1067 752 officiorum,
1092 676 1196 758 digni-
1245 671 1246 754 )

174 787 191 816 a
209 771 319 841 tatum,
340 763 572 844 beneficiorum,
594 765 674 826 vocis
701 763 802 826 activae
826 768 857 825 et
880 763 1019 844 passiva,
1050 761 1195 848 itemque
1245 755 1246 820 l

209 851 424 916 inhabilitatem
442 853 555 915 adhaec
568 853 671 916 omnia
688 851 767 915 etad
786 851 952 915 audiendas
964 850 1193 918 consessiones.

209 944 251 1003 lta
264 942 403 1004 Clemens
413 943 463 1016 tx,
479 942 603 1003 Constit.
616 942 761 1004 Romanus
773 940 1007 1020 praetaxatae
1014 940 1075 1003 alia
1092 943 1194 1007 mailta

209 1031 287 1091 circa
302 1029 472 1108 hujusmodi
487 1049 635 1100 accessus,
645 1050 694 1112 ap.
708 1029 852 1106 Ferraris,
863 1039 894 1092 u⁰
910 1029 1065 1104 Moniales,
1079 1040 1145 1094 art.
1161 1039 1194 1098 1.

211 1116 252 1178 nl'
267 1122 315 1192 12,
332 1123 381 1192 50,
398 1123 447 1194 5·Ι;
461 1124 492 1179 et
505 1119 616 1196 Bouix,
634 1119 677 1180 Dr
691 1119 846 1200 Ileqalar„
861 1124 934 1179 tom.
946 1122 976 1191 2,
992 1137 1023 1199 p.
1034 1122 1189 1184 615-619.

250 1207 426 1278 2863110111
435 1207 584 1289 Capeliani
597 1227 656 1268 non
667 1216 748 1284 sunt,
761 1213 887 1288 possunt
895 1205 1046 1288 prohiberi
1056 1225 1099 1270 ne
1106 1227 1194 1273 acce·

210 1316 226 1353 r
250 1293 1194 1381 dantadcelebranduminecclesiismonialiumetiamexemp-

211 1407 227 1443 »
250 1385 433 1465 tarum,quia
443 1385 654 1448 talisacoessus
664 1383 836 1466 pertinetad
844 1383 1012 1446 custodiam
1022 1385 1191 1464 clausurae,

211 1495 227 1532 1
251 1492 342 1554 super
354 1476 415 1554 qut
437 1474 603 1555 Episcopus
619 1473 802 1554 invigilat...‚
828 1477 861 1535 ut
878 1471 1034 1553 respondit
1053 1473 1086 1536 S.
1114 1477 1193 1538 Con·

212 1583 226 1622 a
253 1563 436 1644 gregatio...,
450 1565 484 1624 ln
494 1562 628 1624 ecclesiis
641 1561 819 1623 monialium
830 1578 892 1622 non
906 1559 1018 1622 debent
1030 1563 1192 1644 regarlares

212 1673 227 1711 a
251 1651 402 1714 celebrare
421 1651 525 1714 missas
547 1651 660 1732 absque
681 1651 801 1712 licentia
814 1648 996 1732 Episcopio
1019 1651 1190 1730 (Ferraris,

213 1751 242 1802 11ο
257 1741 357 1804 Missoe
373 1739 559 1823 sucrificium.
578 1751 611 1800 n⁰
625 1741 688 1818 26.)

253 1833 341 1893 2861.
355 1829 475 1901 Quaerit.
487 1835 520 1890 4⁰
530 1828 607 1902 Ouid
622 1825 844 1890 observandum
858 1827 896 1890 sit
907 1826 1008 1910 quoad
1020 1827 1190 1894 collocuta

215 1920 293 1981 rium
307 1927 337 1981 et
346 1918 547 1982 fenestrellam
558 1917 807 1980 communionis?

254 2009 342 2089 llesp.
360 2013 390 2070 1ο
404 2010 563 2089 Nequeunt
577 2007 723 2068 moniales
742 2004 784 2068 uti
804 2005 1014 2070 confessionali
1028 2026 1087 2089 pro
1102 2008 1189 2074 locu·

214 2097 306 2159 torio:
322 2095 456 2158 decisum
471 2097 528 2158 tS.
544 2097 654 2176 Congr.
671 2095 771 2178 Episc.
785 2099 816 2156 et
832 2095 954 2177 Regul,
969 2113 1018 2178 ap.
1040 2097 1188 2176 Ferraria,

215 2187 244 2246 „a
256 2184 408 2260 Martiales,
424 2191 480 2246 art.
497 2189 527 2262 6,
545 2195 577 2245 nl
587 2189 636 2246 28.

254 2277 286 2356 2ο
306 2275 368 2336 Neo
392 2272 573 2334 Fenestrella
596 2272 821 2336 communionis
841 2273 879 2336 ad
901 2273 1093 2356 loquendum
1118 2295 1189 2340 eum

215 2362 335 2438 exteris,
350 2367 401 2423 aut
415 2379 469 2442 pro
483 2360 671 2423 confessione
684 2361 820 2424 faciende
835 2362 900 2439 (ib,
916 2363 957 2423 na.
970 2367 1021 2438 29,
1039 2365 1099 2442 31).

208 2449 212 2456 ’
255 2452 285 2512 3⁰
299 2450 479 2512 Fenestrella
493 2450 716 2513 communionis
727 2450 817 2514 debet
825 2469 891 2514 esse
899 2451 958 2514 lata
961 2451 1065 2535 palmo
1074 2453 1190 2536 intepro

216 2546 245 2602 el
256 2539 313 2602 alta
327 2539 450 2602 dimidio
464 2538 562 2618 (idid,
579 2552 611 2600 n⁰
626 2542 686 2618 36).

255 2633 286 2692 1l⁰
308 2629 403 2693 Clavis
416 2629 604 2692 Fenestrellae
617 2627 842 2692 communionis
854 2627 893 2692 ab
907 2627 1066 2692 Abbatissd
1077 2631 1191 2692 serrari

216 2718 322 2798 debet,
341 2738 403 2782 nen
417 2721 486 2782 vero
501 2719 591 2782 alaris
603 2717 804 2796 tabernaculi,
819 2737 888 2800 qua
901 2717 982 2800 apud
999 2719 1181 2784 socerdoten

217 2816 331 2872 exstare
341 2809 439 2884 debet,
455 2827 517 2871 non
526 2807 597 2870 verb
610 2805 690 2887 apud
699 2805 845 2869 moniales
857 2807 955 2885 (ibid,
968 2805 1010 2868 n¹⁸
1024 2811 1076 2886 37,
1091 2811 1156 2886 59).

256 2901 288 2958 5⁰
311 2898 544 2960 Collocutorium
571 2913 633 2958 non
657 2895 746 2958 debet
770 2913 835 2958 esse
864 2896 896 2956 in
917 2896 1052 2960 secundo
1077 2898 1189 2980 plano,

218 3003 316 3066 nequo
326 2985 357 3045 in
367 2985 501 3062 ecclesian
515 3003 570 3048 nec
583 3002 639 3066 pro
649 3001 685 3046 eo
692 2983 840 3046 moniales
848 2985 891 3046 uti
901 2993 1027 3066 possunt
1034 2990 1117 3065 rotat,
1134 3006 1191 3048 nec

218 3073 347 3136 cratibus
358 3073 388 3134 ln
402 3073 529 3136 ecclesia
542 3072 737 3136 existentibus
751 3071 847 3149 (did,
865 3085 899 3132 11ο
912 3075 974 3152 38).

257 3167 289 3223 (10
303 3161 472 3224 blonasterii
486 3161 624 3224 fenestrae
637 3161 678 3222 ita
697 3159 810 3222 debent
828 3179 894 3224 esse
907 3159 1058 3244 dispositae
1079 3171 1114 3226 ut
1136 3183 1190 3228 ne·

218 3257 331 3332 queant
350 3249 495 3312 moniales
513 3249 612 3312 videre
629 3255 763 3328 exteros,
778 3254 832 3312 aut
850 3249 888 3312 ab
910 3247 954 3312 eis
974 3249 1069 3314 uideri
1089 3251 1187 3334 (idid,

218 3351 252 3402 ιν
266 3342 329 3420 13).

258 3429 332 3492 Vide
345 3427 402 3491 alia
416 3446 464 3510 ap.
480 3427 629 3493 uquounr
643 3427 698 3506 (De
711 3426 868 3510 Repulor„
879 3429 956 3492 tom.
971 3433 1002 3504 2,
1018 3448 1049 3511 p.
1065 3432 1148 3510 620).

258 3522 347 3581 2862.
370 3520 442 3590 Quae
456 3517 598 3594 diximus,
616 3516 809 3599 intelligenda
822 3523 895 3581 sunt
912 3516 952 3579 de
964 3517 1029 3580 sola
1048 3518 1190 3582 clausuro

220 3608 332 3689 papali,
347 3625 423 3688 quae,
441 3605 559 3670 casibus
575 3603 733 3670 rarissimis
746 3604 894 3688 exceptis,
908 3604 1031 3670 1101111111
1050 3625 1108 3689 pro
1120 3625 1187 3670 mo·
