2550 3992
423 306 511 358 curn
531 306 690 355 occuram.
988 291 1047 353 otti

73 411 156 483 tum,
174 405 229 470 etsi
247 403 339 470 unius
357 404 501 470 duntaxat
519 409 691 472 testimonio
708 413 826 473 constet
844 408 931 474 tuum
958 407 1049 472 fuisse

72 493 174 558 debite
196 494 449 558 administratum.
475 494 609 559 Ecclesia
634 495 718 560 enim
746 516 807 560 uon
834 498 904 582 ptus
925 497 1050 580 requirit

73 589 148 646 tunc
165 583 473 666 qudmtestimonium
491 583 583 647 unius
597 603 734 667 perscore
751 585 811 650 fide
828 587 944 669 dignae,
960 586 1049 650 etiam

74 671 209 748 ieminae;
226 671 256 734 id
271 679 388 736 constat
405 691 441 736 ex
461 691 528 755 cap.
546 671 620 737 cum
634 675 735 758 itaque
753 679 822 753 itt,
842 675 881 739 de
894 677 1048 752 Consecr„

75 762 145 826 dist.
169 767 206 839 d,
231 763 262 826 S.
282 761 447 826 Leonist:
473 783 490 822 n
513 764 588 826 Cbm
612 763 713 846 itaque
740 765 883 847 Baptismi
907 766 954 828 sui
978 763 1050 827 nibil

76 873 91 912 a
116 850 291 914 recordetur
317 852 370 934 qui
391 851 627 934 regenerationis
648 860 694 916 est
719 853 872 936 cupidus,
894 873 951 917 nec
972 853 1052 916 otter-

76 964 91 999 η
117 941 245 1003 attestari
259 939 297 1003 de
310 958 347 1003 eo
363 941 457 1023 possit
460 987 521 1018 .....
536 959 598 1004 non
617 949 714 1023 potest
733 943 765 1004 in
779 942 975 1006 itinerationis
990 943 1049 1006 ori-

76 1051 91 1088 »
118 1048 188 1092 men
211 1029 313 1092 venire
327 1028 409 1112 quod
431 1031 558 1093 omnino
580 1030 693 1095 iactum
706 1049 772 1094 esse
792 1033 943 1095 nescitur:
962 1041 1052 1114 atque

76 1141 92 1178 n
117 1117 185 1181 idco
196 1121 314 1200 quoties
327 1119 531 1202 personatalis
545 1119 697 1198 inciderit,
708 1121 834 1184 sollicita
843 1121 976 1203 primirm
986 1139 1053 1184 exa·

77 1230 93 1266 n
118 1208 282 1274 minatione
299 1205 452 1287 discutite,
471 1215 503 1271 et
520 1209 611 1291 longo
620 1217 767 1291 tempore,
787 1211 843 1272 nisi
859 1210 934 1273 torte
951 1229 1054 1292 supre-

77 1319 93 1355 ι)
117 1314 187 1360 mus
210 1297 278 1360 finis
294 1297 465 1373 immineat,
489 1297 627 1375 indagate
648 1305 751 1361 utrum
773 1318 855 1361 neno
870 1299 990 1382 penitus
1016 1298 1054 1361 sit

78 1407 93 1444 n
118 1385 168 1466 qui
183 1387 355 1449 testimonio
368 1405 424 1450 suo
434 1387 539 1468 juvare
553 1387 646 1470 possit
659 1388 859 1469 ignorantiam
875 1389 1051 1465 nescientis;

79 1497 94 1534 n
118 1483 148 1536 et
160 1477 232 1538 edm
248 1475 416 1538 constiterit
428 1475 531 1547 bunc,
546 1476 597 1558 qui
618 1475 804 1558 baptismatis
823 1475 934 1558 indiget
952 1479 1054 1540 Sacra·

79 1585 95 1624 r>
120 1569 239 1641 mento,
251 1563 314 1627 soit
328 1564 456 1628 inaniter
469 1565 641 1648 suspicione
650 1564 818 1646 prohiberi,
830 1563 952 1628 accedat
965 1565 1054 1628 intre·

80 1675 95 1712 u
119 1651 208 1734 pidus
229 1653 267 1716 ad
289 1653 535 1735 consequendam
557 1655 705 1736 gratiam,
725 1654 812 1734 eujus
834 1654 1053 1716 inseruitum

79 1763 95 1802 ι
120 1742 174 1805 scit
188 1743 435 1826 essecestigium.
451 1764 467 1803 u
710 1811 715 1822 .

120 1833 195 1894 ltem
209 1831 239 1894 in
254 1849 370 1895 canone
380 1830 525 1896 Parvulos
538 1835 607 1910 110,
622 1831 660 1897 de
673 1837 870 1910 consecr.‚t:
890 1831 1056 1894 «Parvulos

81 1941 96 1981 a
121 1921 172 2002 qui
187 1921 361 2002 parentibus
375 1921 516 1984 subtracti
532 1928 619 1998 sunt,
635 1927 664 1984 et
678 1941 717 1984 an
732 1921 867 2003 baptizati
882 1921 956 1999 sint,
972 1919 1055 2002 igno-

80 2033 96 2069 υ
121 2017 205 2085 rant,
215 2009 270 2073 bos
283 2019 317 2073 ut
329 2011 478 2092 baptizare
491 2011 652 2090 debeas...‚
664 2011 689 2074 si
704 2029 766 2074 non
775 2010 872 2093 fuerit
884 2011 939 2094 qui
952 2008 1056 2092 testifi-

82 2121 96 2160 n
121 2107 223 2174 ceter,
241 2100 315 2162 ratio
330 2101 434 2182 poscit.
451 2122 466 2160 n

121 2192 211 2252 3181.
234 2189 321 2253 Unde
342 2189 455 2252 Bened.
472 2191 538 2253 xlv
557 2189 612 2269 (De
634 2193 723 2273 Syn„
749 2191 803 2253 lib.
827 2197 858 2268 Ἰ,
880 2210 909 2255 c.
924 2194 961 2267 6,
977 2201 1012 2254 n·
1025 2191 1055 2273 t)

81 2277 152 2340 dicit
161 2295 233 2340 eum
246 2277 366 2340 cardin.
383 2277 493 2342 Albitio
509 2299 516 2339 :
532 2279 778 2361 nlmprobandas
791 2298 856 2344 esse
870 2279 1009 2363 Synndos
1022 2279 1055 2340 in

83 2391 97 2426 a
121 2365 233 2449 quibus
252 2367 416 2450 generatim
440 2375 529 2449 atque
552 2366 744 2446 indistincte,
760 2370 868 2432 iterum
883 2368 939 2431 sub
954 2369 1057 2431 condi·

82 2481 96 2516 a
121 2456 205 2519 tione
218 2457 249 2518 iu
264 2456 389 2519 ecclesie
403 2455 542 2538 baptizari
555 2455 700 2536 jubentur
720 2459 904 2538 quicumque
919 2457 1056 2538 privatim

81 2569 96 2606 r
122 2544 208 2607 fuere
217 2543 255 2607 ab
264 2544 473 2608 obstetricibus
482 2544 564 2607 domi
578 2543 850 2626 baptizati...Enim
860 2545 1058 2625 rerd‚pergit

82 2657 97 2694 n
123 2634 277 2711 Pontifex,
293 2634 318 2696 si
332 2633 507 2696 obstetrices
521 2633 559 2696 de
573 2634 750 2696 sacrementi
766 2633 890 2696 mannia
900 2680 908 2709 ,
918 2631 1016 2695 forme
1028 2639 1058 2694 et

82 2745 98 2784 s
122 2725 289 2786 necessarie
312 2723 344 2785 in
367 2723 505 2785 ministro
523 2723 689 2785 intentione
707 2724 768 2785 sint
791 2721 923 2803 legitime
945 2722 1058 2784 edocta

82 2837 98 2872 n
123 2811 172 2892 (de
191 2811 248 2874 hoc
268 2819 368 2874 autem
392 2811 497 2874 sedulo
511 2811 664 2893 inquirere
683 2810 773 2874 debet
785 2809 957 2894 parochus),
975 2809 1057 2874 nulla

83 2923 98 2960 n
124 2903 198 2964 sane
212 2901 314 2964 subest
327 2899 489 2982 probabitis
507 2899 582 2964 ratio
604 2918 659 2963 our
682 2900 851 2982 Baptismus
864 2898 992 2978 debeat,
1007 2905 1057 2964 aut

82 3011 98 3050 n
124 2989 203 3051 licite
219 2989 311 3072 possit
324 2988 380 3052 sub
401 2989 574 3052 conditione
595 2989 727 3072 repeti...
742 2988 834 3051 Sacri
849 3007 968 3052 conones
980 2993 1057 3072 suffi-

82 3101 99 3138 ι
124 3079 236 3140 cienter
243 3078 396 3160 probatem
406 3078 513 3140 habent
525 3078 709 3141 collationem
723 3079 918 3160 Baptismotr's
927 3099 983 3162 per
992 3079 1057 3140 oni·

84 3191 99 3226 a
125 3185 191 3228 cum
208 3174 325 3236 testem,
343 3168 494 3250 precipue
508 3169 532 3230 si
548 3169 573 3230 is
585 3166 758 3230 testificetur
772 3167 809 3230 de
828 3167 906 3230 iacto
921 3169 1058 3250 proprio,

83 3279 100 3315 n
126 3253 185 3318 boc
199 3263 244 3318 est
257 3257 280 3318 si
297 3255 424 3319 affirmet
441 3256 511 3320 iilud
533 3256 657 3319 suisset
678 3275 710 3319 se
725 3257 856 3339 legitime
870 3257 1059 3319 administra-

84 3367 101 3404 ι
126 3351 211 3417 tutu,
232 3363 287 3408 neo
308 3345 473 3427 quidquam
491 3347 523 3408 in
538 3347 721 3409 contrarium
735 3353 873 3408 occurrat
886 3344 966 3426 quod
982 3344 1060 3405 iltius

85 3457 100 3494 υ
124 3434 297 3497 testimonio
312 3434 403 3497 fidem
417 3434 589 3498 detrabat...
602 3457 617 3494 n
632 3437 704 3498 Haec
716 3443 762 3498 est
774 3433 1023 3498 communissima
1031 3444 1059 3496 et

85 3541 158 3588 vera
172 3523 319 3586 sententia
331 3571 339 3600 ‚
352 3523 452 3604 inquit
465 3525 496 3586 S.
509 3525 668 3606 Liguorius
681 3525 745 3603 (tib.
761 3528 798 3602 6,
813 3535 847 3585 n⁰
862 3526 940 3604 136).

127 3615 218 3675 3182.
241 3614 276 3675 1η
303 3613 350 3674 bis
377 3621 478 3675 tamen
505 3615 592 3676 caute
625 3621 670 3676 est
702 3612 955 3696 procedendum:
980 3613 1061 3677 unde

90 3723 107 3761 o
129 3701 162 3763 S.
178 3701 288 3782 Congr.
300 3703 411 3764 Concil.
424 3703 653 3782 interrogatam
663 3703 772 3765 iterum
785 3701 951 3784 baptizandi
962 3709 1061 3766 essent
