2522 3996
487 291 573 340 iatllllll
592 291 712 340 rcthus.
1037 279 1068 336 ll

99 403 129 460 ct
138 397 277 479 rigoroso
291 411 382 458 sensu
393 399 546 470 pastores,
556 411 628 474 quta
639 392 777 474 perhanc
789 409 893 456 vocem
901 393 1023 476 proprie
1039 391 1079 454 itti

100 486 301 566 designantur
314 483 367 566 qui
380 481 493 544 habent
503 481 744 562 jurisdictionem
759 481 952 562 legislativum
966 490 995 544 et
1010 500 1080 564 prn-

102 574 316 658 misdictum,
333 579 367 634 ut
388 577 505 634 constat
520 589 558 634 ex
577 570 683 632 Christi
701 569 818 640 verbis,
834 570 915 651 apud
933 573 1080 634 ioannem

102 665 180 746 (cap.
196 667 247 740 et,
268 682 298 726 v.
315 661 381 740 til:
396 682 412 720 a
425 661 516 722 Pasce
528 677 591 722 oves
604 678 699 734 meas,
712 677 897 740 pasceapnos
914 677 988 721 meos
999 677 1035 732 ;r
1053 663 1082 722 et

103 751 202 814 verbis
212 757 277 814 hot.
289 748 422 832 Apostol.
434 751 510 830 (cap.
521 751 571 822 20,
580 768 608 810 v.
618 749 687 824 dili:
701 746 976 818 «Attenditeeohis,
985 754 1079 818 etc.,r

104 841 156 904 uhi
168 859 225 903 vox
240 859 340 922 repere
353 838 433 900 idern
443 839 528 900 estin
544 839 647 900 Graeeo
661 855 696 899 aa
708 853 766 898 vox
775 855 893 918 parcere
906 835 1037 898 adhibita
1052 835 1083 897 in

105 937 190 992 textu
205 929 329 1012 praelato
348 930 379 990 S.
401 926 527 991 loannis
551 925 627 1006 (vide
649 944 698 1008 op.
720 926 832 998 Boutx,
855 923 943 1000 ibid,
958 945 990 1007 p.
1008 928 1084 988 tet-

108 1021 188 1092 toa).
210 1019 304 1080 Porrd
323 1015 373 1079 illc
384 1015 552 1096 jurisdictio
565 1021 610 1077 est
622 1014 679 1077 fori
694 1014 827 1092 externi3
843 1011 971 1098 proinde
985 1013 1083 1076 dill'ert

107 1109 124 1168 lt
135 1106 347 1186 jurisdictione
362 1104 495 1187 parochi.
506 1106 604 1184 Ergo,
618 1111 676 1166 etc.

151 1203 291 1258 Attamen
314 1193 458 1276 parochi,
477 1193 531 1255 etsi
559 1193 617 1255 hoc
639 1192 805 1273 antiquitus
827 1191 890 1255 fere
907 1191 1084 1255 inusitatum
1124 1257 1127 1265 ,

108 1285 213 1360 tuerit,
229 1283 424 1366 seponatis,
439 1282 545 1344 saltem
555 1282 586 1343 in
596 1284 797 1344 sensuminus
807 1282 926 1359 striato,
941 1289 1085 1344 vocantur

109 1372 261 1450 Pastores,
286 1374 397 1454 nempe
424 1369 548 1433 secundi
575 1369 790 1446 ordinis3vide
810 1369 924 1432 Concil.
948 1369 1082 1432 Trident.

109 1467 193 1536 (sess.
209 1465 264 1532 25,
279 1480 346 1543 cop.
364 1463 427 1538 tl),
443 1459 493 1522 ubi
505 1480 512 1521 :
526 1482 541 1518 a
551 1461 807 1521 Hortaturomnes
821 1467 850 1520 et
863 1459 1015 1541 singulos,
1030 1477 1085 1540 pro

109 1573 123 1608 a
148 1548 1084 1628 christianheharilate,debitoqueergasuosPastoresmunere,

108 1663 123 1698 a
149 1647 181 1700 ut
196 1639 235 1701 de
250 1639 338 1700 honis
358 1637 413 1699 sibi
428 1629 445 1700 ὲ
460 1639 522 1700 Deo
537 1637 671 1710 collatis,
689 1635 843 1717 Epr'sropis
857 1641 887 1696 et
905 1635 1083 1698 Peractis...

108 1753 123 1788 o
149 1728 232 1809 large
242 1727 401 1790 subvenire
410 1725 448 1787 ad
457 1725 510 1788 Dei
520 1724 640 1788 laudern
652 1733 742 1806 atque
757 1724 915 1784 Pastorum
929 1743 1084 1786 soonam...

108 1841 123 1876 r
148 1817 327 1899 dignitatem
351 1809 511 1892 tuendum,
533 1821 590 1878 ete.
607 1837 622 1874 n
641 1813 716 1876 Vide
742 1813 833 1876 etiarn
860 1811 1038 1896 pontificale
1056 1811 1086 1874 in

110 1905 219 1969 ultima
245 1905 427 1968 allocutione
450 1903 488 1966 ud
511 1903 669 1986 synodum
698 1901 846 1982 (Protea.
874 1901 911 1966 S.
938 1900 1085 1984 Sulpitr'r',

113 2003 146 2056 n·
159 1998 241 2072 206).

400 2215 445 2279 Dr
457 2213 526 2278 oerd
538 2215 654 2278 notione
662 2213 799 2298 parochi.

152 2348 241 2408 tede.
252 2345 329 2407 Glrm
338 2341 532 2406 institutionis
541 2342 748 2406 ecclesiasticae
756 2342 794 2404 sit
801 2343 1085 2425 tanthmperoehus‚

111 2455 172 2497 non
187 2453 224 2496 ex
233 2435 325 2496 verbo
339 2433 393 2493 Dei
404 2433 529 2510 auliurc
544 2431 682 2507 naturali,
697 2431 750 2493 sed
760 2431 906 2494 duntaxat
919 2451 956 2495 ex
970 2433 1087 2511 teritus

110 2521 319 2586 aeclesiasticis
344 2527 396 2582 out
423 2520 562 2601 legitimis
587 2518 868 2597 consuetudinibus,
892 2520 1086 2582 determinari

110 2619 208 2695 potest
221 2609 296 2692 quid
314 2607 437 2692 praecisd
456 2608 506 2670 ille
528 2609 576 2670 sit.
596 2609 690 2670 Porro
711 2609 812 2670 nullus
830 2609 861 2670 in
884 2615 946 2672 toto
961 2628 1087 2690 corpore

108 2703 183 2781 Jurls
206 2699 323 2762 occurit
344 2697 480 2780 specialis
493 2697 598 2760 titulus
615 2695 651 2760 dc
671 2697 779 2778 Officio
789 2698 929 2778 parochi,
953 2699 1036 2760 unde
1049 2697 1088 2761 ad

109 2803 309 2852 communem
324 2789 385 2848 DD.
397 2787 662 2862 existimationem,
678 2803 736 2848 nec
748 2803 809 2848 non
823 2784 861 2848 ad
876 2788 957 2848 liotae
968 2793 999 2848 cl
1012 2787 1088 2849 Con-

111 2877 325 2960 gregationum
344 2879 551 2938 Romanarum
570 2874 739 2938 decisiones
761 2875 978 2940 recurrendum
991 2882 1038 2940 est
1058 2887 1088 2941 et

111 2984 268 3030 recurrere
281 2966 382 3028 solent
394 2964 565 3028 canonistas.

151 3061 242 3120 teau.
259 3057 310 3118 Sic
323 3062 518 3116 recensentur
529 3051 672 3135 requisita
685 3053 724 3116 ad
734 3054 940 3136 parochiarum
954 3056 987 3118 in
998 3059 1091 3120 causa

111 3143 319 3228 Hellanicus,
334 3147 371 3205 at
384 3144 451 3222 Jun.
469 3146 546 3206 1789
559 3143 672 3220 (Thes,
688 3148 948 3227 conseptae)
963 3165 972 3208 t
991 3148 1089 3209 aliare

112 3258 127 3296 ι
150 3236 223 3298 uerd
237 3233 432 3314 requiruntur
446 3237 479 3294 ut
492 3249 580 3294 verus
597 3233 666 3314 quis
683 3231 799 3294 dicatur
816 3235 966 3314 porcellus
982 3254 990 3296 ι
1006 3235 1086 3316 quod

111 3346 126 3383 r
151 3329 329 3406 praestatem
344 3323 454 3402 nempe
472 3321 579 3384 habeat
591 3320 646 3382 tori
666 3322 879 3403 poenitentialis
899 3343 907 3384 ε
924 3321 1005 3404 quod
1026 3341 1085 3384 cer·

112 3435 126 3474 r
153 3421 214 3474 um
236 3429 293 3474 suo
316 3411 439 3472 nomine
458 3410 644 3473 administret
665 3410 838 3491 parochiam
860 3413 1027 3494 :quodque
1050 3412 1088 3474 do

112 3523 128 3561 a
154 3501 332 3562 necessitate
357 3500 522 3574 ministret,
546 3499 585 3562 ab
602 3516 702 3580 eoque
723 3500 897 3582 parochiani
919 3501 1089 3562 necessario

112 3613 130 3650 ι
155 3590 547 3671 recipiantsacramcntu.r

156 3681 247 3742 ¹308.
283 3675 415 3746 Exhinc.
439 3677 526 3757 juxte
551 3673 647 3738 Bouix
671 3673 770 3754 [thid.
793 3693 825 3756 p.
853 3674 943 3752 tat),
970 3667 1089 3730 detrntrt
