2522 3996
167 180 208 232 tr
296 162 308 170 ''
387 181 523 228 arnonas
542 181 643 228 roaros
663 180 744 226 ronrs
765 179 911 226 amomon

166 305 180 340 o
205 281 252 364 pis
271 299 341 344 cum
370 298 407 342 eo
428 277 620 360 dispensandi
638 283 674 339 ut
697 277 762 359 ipse
780 276 893 357 possit,
918 274 1008 338 etiam
1029 275 1144 345 diebu

167 393 181 430 o
206 369 307 445 iestis,
324 369 445 430 missam
460 367 610 448 applicare
629 385 683 447 pro
696 366 920 444 eleemosynam
929 363 1143 446 offerentibus,

168 483 182 518 o
206 458 298 520 modo
319 458 397 519 intra
410 454 549 518 eamdem
570 453 790 516 hebdomadam
810 453 917 514 missas
936 454 1064 514 omissus
1083 471 1144 535 pro

169 573 183 608 r
207 550 319 630 popnto
333 546 500 627 applicet.»
518 547 549 607 S.
566 545 701 624 Lignor,
717 542 769 603 tib.
787 545 824 615 6,
840 549 874 602 u·
886 539 1141 622 aasmtappttt.
1241 618 1242 629 .

457 739 460 744 ’
552 728 705 786 PUNGTUM
725 727 767 786 IV.

193 845 235 912 'nr
248 865 441 915 oauoarrons
454 863 579 910 mrocm
593 860 775 908 rnumcmnr
789 860 828 906 rr
841 859 950 906 roanos
962 859 1121 908 rnocannr.

214 1001 302 1060 1496.
324 997 455 1060 Tenetur
467 995 616 1078 parochus
624 994 714 1056 etiam
726 993 907 1072 amovibilis,
923 995 1143 1077 perseipsum,

176 1085 233 1146 nisi
246 1084 285 1146 sit
299 1085 430 1166 legitime
444 1083 623 1166 impeditus,
645 1082 770 1145 verbum
792 1083 896 1145 salutis
910 1083 1020 1146 habere
1035 1085 1073 1145 ad
1088 1105 1147 1166 po-

176 1173 300 1254 pulum,
315 1171 420 1236 diebus
434 1173 595 1235 dominicis
607 1179 637 1234 et
655 1171 738 1234 sestis
752 1171 948 1234 solemnibus.
969 1174 1012 1234 lta
1026 1173 1145 1235 Concit.

175 1261 307 1324 Trident.
328 1265 411 1340 (sess.
432 1266 471 1339 5,
486 1280 552 1343 cap.
571 1263 622 1340 2);
638 1268 668 1321 et
687 1259 801 1322 adhoc
823 1267 941 1322 tenetur
955 1261 1023 1339 iure
1043 1261 1148 1324 divino

177 1353 267 1418 tSess.
283 1355 339 1428 93,
353 1369 419 1432 cop.
437 1354 476 1430 t).
821 1347 826 1356 '

216 1439 247 1502 Si
261 1441 330 1502 verd
345 1459 398 1520 per
411 1439 485 1502 aiios
499 1437 550 1500 fiat
563 1437 755 1521 praedicatio,
770 1435 980 1520 predicatores
997 1437 1148 1521 deputan-

177 1536 226 1590 tur
245 1527 283 1590 ab
297 1529 445 1610 Episcopo
459 1527 595 1610 impensis
622 1546 719 1588 eorum
738 1527 790 1608 qui
811 1545 862 1588 eas
875 1535 1017 1608 praestare
1035 1530 1081 1590 rei
1102 1541 1149 1591 te-

171 1623 288 1690 nantur
300 1617 346 1681 rei
360 1618 494 1679 soient...
514 1621 690 1696 «Tempore
703 1622 803 1676 autem
816 1616 1000 1694 JeJuniorum
1016 1617 1149 1688 Quadra·

179 1733 192 1763 n
217 1706 339 1787 gesimae
352 1712 383 1767 et
398 1706 551 1767 Adventus
564 1703 705 1780 Domini,
719 1702 854 1784 quotidie
871 1704 917 1765 vel
930 1704 1036 1766 saitem
1050 1706 1150 1768 tribus

180 1817 193 1849 ‚r
217 1793 248 1854 in
258 1793 445 1855 hebdomade
454 1793 572 1867 diebus,
581 1792 606 1854 si
620 1793 661 1853 ita
673 1799 811 1873 oportere
819 1791 961 1854 duxerint
973 1794 1148 1875 (Episcopi),
1241 1854 1242 1863 ,

179 1906 193 1939 »
218 1883 324 1944 Sacros
350 1882 517 1962 Scripturas
546 1879 740 1961 divinamque
764 1880 863 1962 legem
890 1881 1090 1958 annuntient,
1121 1891 1151 1944 et
1241 1902 1242 1951 1

181 2001 197 2029 n
218 1969 291 2032 alias
304 1970 554 2051 quotiescumque
571 1968 602 2030 id
621 1969 791 2050 opportune
812 1967 876 2031 iieri
891 1987 978 2050 posse
995 1969 1150 2048 judicare·
1241 1964 1242 1967 ’

180 2080 194 2114 o
218 2057 278 2119 rint
292 2079 307 2116 r
325 2058 417 2120 iidem
429 2057 570 2140 Episcopi
583 2057 687 2136 (Conc.
702 2055 799 2134 mid,
814 2075 888 2119 sess
905 2060 960 2134 24,
974 2057 1094 2140 capi).

225 2168 241 2206 ι
259 2147 290 2208 Si
304 2152 457 2209 curatores
470 2147 640 2208 animarum
655 2163 709 2226 per
725 2163 757 2206 se
770 2145 863 2207 veiint
880 2161 993 2208 munus
1009 2147 1151 2228 praedico·

181 2257 195 2292 o
219 2233 310 2296 tionis
321 2234 420 2308 obire,
435 2253 497 2296 non
509 2233 621 2296 debent
629 2231 855 2315 impedierint»
865 2233 1032 2316 Episcopo).
1044 2237 1087 2297 lta
1099 2235 1151 2298 de·

181 2324 301 2385 claravit
313 2324 345 2385 S.
361 2323 393 2386 C.
409 2323 546 2385 Conciiii.

115 2437 116 2440 ¹
221 2409 1058 2493 Sedcparochoperseipsumconcionsntiminimeiicet,
1072 2431 1150 2495 prae-

183 2525 196 2558 »
220 2505 304 2562 textu
322 2501 540 2582 cuiuscumque
562 2499 763 2581 paupertatis,
787 2497 973 2580 praetendere
986 2500 1043 2561 sibi
1058 2517 1151 2582 pra·

183 2612 197 2647 a
219 2588 276 2650 teri
296 2589 519 2670 eleemosynam
537 2587 655 2650 solitam
672 2587 737 2648 dari
754 2585 1019 2668 praedicatoribus,
1035 2596 1071 2651 ut
1082 2609 1152 2653 cen·

183 2701 198 2735 r
223 2677 322 2740 suitS.
336 2675 1148 2757 CongrdonciliiinunaVestcnensi,20mnrtiitt321m

184 2765 329 2838 Barbosa,
349 2784 399 2847 ap.
423 2766 534 2841 Bonix,
549 2764 594 2827 De
612 2762 757 2839 Porocdo,
777 2782 809 2844 p.
830 2767 899 2827 599.
917 2765 1045 2828 -Vide
1060 2769 1151 2830 etiam

184 2854 334 2932 Ferraris,
355 2863 385 2916 ν·
399 2853 564 2931 Pometios,
577 2859 634 2914 art.
649 2855 687 2942 2Ἰ
702 2859 735 2912 n·
747 2855 807 2930 Π,
824 2851 909 2932 juxta
925 2871 1018 2935 quem
1030 2855 1152 2936 praeinta

34 2965 65 3034 '.
184 2941 295 3005 decisio
307 2949 353 3004 cst
366 2946 405 3005 {0
418 2942 526 3004 martii.

225 3034 314 3094 ator.
337 3031 407 3092 Sine
422 3030 541 3091 licentis
553 3029 702 3092 Ordinerii
724 3027 873 3112 parochus
888 3031 962 3093 nulii
977 3037 1075 3114 potest
1087 3053 1153 3115 per·

25 3119 28 3130 '
64 3109 65 3112 '
186 3119 304 3182 mittere
316 3125 351 3181 ut
360 3117 728 3200 predicet,quannumvis
743 3119 919 3200 praedicator
928 3121 967 3181 sit
979 3120 1034 3182 sibi
1050 3131 1150 3200 notus,

120 3225 121 3228 ’
186 3213 216 3270 et
237 3207 353 3270 etiamsi
374 3205 467 3268 semei
488 3213 542 3267 aut
560 3205 607 3267 bis
630 3209 747 3269 tantum
769 3216 847 3270 esset
869 3209 1104 3289 predicaturus,
1122 3215 1153 3274 et

187 3295 302 3359 etiamsi
320 3299 398 3356 esset
419 3295 597 3376 Episcopus.
620 3295 664 3356 lta
690 3313 727 3357 ex
749 3295 889 3358 declarat.
914 3297 1049 3359 Clement
1065 3300 1150 3374 vul,

20 3395 22 3400 ’
48 3457 50 3464 .
81 3437 82 3442 ,
173 3381 1151 3465 ,Barbosmap.130uix(tt.,p.coo);videadhucFerraris,toz·o.,

17 3487 36 3552 35
189 3481 222 3533 n·
235 3477 285 3532 79.
301 3472 372 3531 Haec
386 3469 579 3552 intelligendo
592 3477 662 3533 sunt
675 3472 764 3532 etiam
778 3471 817 3534 de
827 3493 938 3554 pronao
950 3481 980 3536 et
989 3473 1149 3538 catechesi.

28 3553 32 3562 ''
76 3575 88 3632 j
189 3555 380 3634 coemptor
400 3558 433 3625 tr
449 3557 522 3634 tn,
543 3565 615 3620 um·
631 3553 773 3636 mam
789 3559 949 3640 mousom
969 3574 1003 3620 n·
1022 3564 1151 3622 sacrun

34 3661 51 3690 ἱ
613 3685 617 3690 .
