2522 4028
411 281 430 312 ⁵
461 319 547 365 ursus
567 321 684 366 rnruus.
999 310 1055 372 227

77 423 308 506 Episcopatum.
328 422 442 486 Volunt
455 427 555 484 tamen
570 421 692 503 quidam
713 425 747 483 ut
762 418 949 500 Religionem
963 418 1053 501 proti·

80 521 203 576 tesntur
225 512 390 596 praesertim
404 512 429 573 si
443 513 503 573 sint
519 512 655 592 juvenes.
669 510 743 572 Vide
757 508 908 583 (imulare,
928 508 972 570 lte
986 509 1051 571 Ma·

79 603 181 678 trim„
198 617 231 666 n⁰
245 607 318 679 3t83
344 609 373 664 et
393 603 549 684 Lequcux,
567 611 600 662 n⁰
621 604 694 674 tom
720 598 772 662 sed
786 617 853 680 cap.
873 597 1053 680 Conjupataa

79 710 143 753 non
159 691 293 774 loquitur
307 692 363 754 nisi
377 691 415 752 de
428 691 621 752 continentiae
635 688 1053 770 professione-Disputatur

80 783 152 843 cero
167 789 285 856 utrum,
301 788 510 864 postmortem
524 779 662 860 conjugis
676 777 713 839 ad
733 777 854 839 ordines
868 795 967 840 sacros
982 797 1053 858 pro-

78 870 175 940 moti,
193 871 315 944 mulier,
332 887 400 951 quae
414 869 539 950 simplex
552 877 655 930 votum
671 867 811 930 castitatis
825 867 943 942 emisit,
960 869 1054 949 possit

78 957 179 1021 salide
193 959 230 1020 ad
245 977 335 1021 novas
353 959 473 1038 nuptias
487 957 852 1020 convolare-Sententia
872 974 985 1038 negans
999 959 1051 1020 ba-

79 1047 171 1108 betur
192 1055 227 1110 ut
247 1048 439 1114 communior
451 1052 482 1108 et
503 1045 686 1127 probabilior
708 1047 726 1106 a
746 1047 776 1108 S.
793 1048 914 1126 Lignor.
930 1046 993 1126 (lib.
1011 1051 1050 1126 o,

82 1147 119 1196 n·
132 1141 210 1210 Sti,
226 1137 293 1198 dub.
306 1138 346 1216 2).

124 1229 287 1288 lilio—3⁰
304 1226 470 1299 «Ceriales,
483 1223 567 1286 idest
577 1223 672 1286 Curiae
684 1223 818 1286 saeculari
828 1224 961 1306 obligati,
975 1232 1052 1291 acto

78 1337 94 1374 u
118 1315 313 1392 juramento,
339 1315 384 1376 vel
408 1314 556 1396 stipendio
578 1320 636 1375 :ut
646 1313 782 1392 judices,
797 1312 954 1391 advocati,
971 1323 1050 1397 etc,

79 1428 95 1463 a
122 1404 258 1484 quandiiu
272 1405 340 1467 talia
354 1403 451 1466 officia
469 1403 581 1464 habent
595 1403 637 1481 (in
653 1421 720 1483 cap.
737 1405 765 1478 l,
786 1405 848 1464 tet
860 1406 899 1479 3,
915 1403 983 1467 dist.
1000 1411 1050 1485 st,

81 1515 96 1552 u
121 1501 151 1554 et
165 1513 231 1574 cap.
247 1493 349 1568 unico,
364 1493 399 1555 de
418 1493 517 1574 ottzp.
533 1492 572 1552 od
589 1494 700 1567 rut...).
720 1491 832 1572 Excipe
853 1498 973 1570 tamen,
995 1496 1052 1560 nisi

79 1604 95 1640 a
122 1581 254 1644 habeant
275 1583 435 1664 specialem
462 1581 718 1663 dispensationem
740 1581 829 1660 Papae
850 1580 910 1658 (aut
932 1584 1051 1646 tacitam

80 1693 95 1729 a
121 1671 367 1749 concessionem,
382 1679 433 1734 aut
449 1671 526 1733 adsit
539 1668 747 1745 consuetudo),
770 1675 805 1730 ut
818 1668 939 1750 quidam
953 1672 1052 1734 clerici

81 1781 96 1816 a
122 1760 153 1820 in
169 1761 244 1822 aulis
258 1762 446 1843 principum,
462 1761 492 1822 in
508 1761 607 1822 causis
622 1758 778 1834 ciuilibus,
804 1775 866 1819 non
880 1766 980 1821 autern
994 1762 1051 1824 cri-

79 1870 96 1914 n
122 1850 285 1912 minalibus
299 1851 473 1932 occupati.»
498 1852 528 1910 S.
546 1849 686 1929 liguas,
701 1846 752 1908 lib.
765 1851 846 1920 'l‚,n⁰
859 1852 929 1910 tto.
950 1849 1052 1912 Talem

81 1937 113 1998 in
129 1937 222 2000 Gallia
232 1940 358 2000 existere
370 1939 621 2001 consuetudinem
633 1935 753 2020 plurimi
767 1937 965 2000 contendunt.
977 1939 1052 2002 Vide

82 2026 278 2108 'theologiam
287 2029 477 2104 Tolosanum,
489 2027 523 2088 dc
532 2027 712 2108 Irrepul.,c.
725 2030 754 2098 2,
764 2033 819 2088 art.
836 2029 870 2111 {³3
885 2027 988 2108 Callet,
1000 2047 1048 2114 ap.

83 2115 171 2178 Cura.
182 2117 300 2198 sumpt,
311 2123 385 2178 tom.
403 2122 439 2179 l'l
453 2165 460 2192 ,
476 2119 534 2179 col.
551 2122 619 2178 249.

124 2208 293 2267 lim-4⁰
308 2206 435 2278 Milites,
453 2206 557 2267 saltem
571 2205 693 2288 quando
708 2204 880 2284 juramento
892 2213 1049 2285 tenentum

81 2295 154 2355 item
171 2293 344 2357 thesaurarii
359 2302 390 2357 et
403 2295 574 2376 depositarii
589 2295 711 2376 publici,
725 2295 820 2376 etqui
835 2297 1051 2378 rempublicam

81 2383 309 2462 administrant;
326 2386 397 2446 item
411 2385 593 2464 apparitores
609 2392 637 2444 et
650 2383 762 2446 similes
775 2384 827 2468 qui
842 2403 939 2462 saeva,
953 2388 1051 2470 turpia

81 2481 291 2534 exercuerunt.
308 2474 349 2550 (S.
366 2473 500 2552 Liguor„
517 2473 567 2533 lib.
583 2479 613 2548 7,
630 2482 662 2533 n⁰
677 2476 760 2549 456.)

126 2564 211 2623 rosa.
239 2583 255 2618 a
275 2563 396 2623 Certum
413 2571 457 2623 est
477 2563 612 2623 illicilum
627 2580 692 2622 esse
706 2562 821 2623 clericis
834 2581 972 2626 exercerc
985 2565 1051 2627 offi-

82 2671 98 2706 s
123 2649 205 2710 cium
216 2651 333 2724 tutoris,
349 2652 494 2712 curatoris
508 2651 574 2729 (nisi
590 2651 627 2712 ad
643 2651 672 2710 id
686 2657 842 2729 cogantur,
858 2659 890 2712 ut
904 2651 934 2712 in
947 2653 1049 2727 Gallitl,

83 2759 98 2795 a
123 2739 141 2797 lt
155 2737 221 2818 lege
235 2739 334 2816 cirili),
354 2747 405 2801 aut
419 2740 620 2820 procuratoris
635 2739 829 2820 pupillorum,
843 2739 1049 2820 etqualecum·

83 2848 98 2884 u
123 2845 182 2908 que
196 2827 275 2889 aliud
290 2829 423 2890 odicium
442 2829 553 2908 publici
568 2827 743 2903 ministerii,
763 2844 799 2888 ex
817 2846 879 2909 quo
893 2837 1052 2894 teneantur

83 2937 98 2972 a
123 2917 254 2978 rationes
273 2916 398 2980 reddere
416 2916 454 2978 de
470 2916 583 2996 Justitit
601 2916 646 2977 vel
660 2915 698 2976 de
721 2914 808 2980 bonis
826 2915 1048 2984 administratis.

81 3023 99 3062 a
124 3005 159 3064 Et
181 3005 221 3066 ob
240 3003 317 3066 banc
337 3007 486 3066 rationem
508 3005 582 3066 tales
603 3005 702 3066 clerici
726 3003 801 3066 bunt
820 3005 1047 3087 irregulares...

84 3111 99 3150 o
123 3095 273 3154 Tamen...
287 3095 312 3154 si
326 3095 463 3155 icterico
473 3093 651 3177 suscipiatur
664 3093 880 3156 administratio
895 3105 960 3176 post
974 3099 1050 3161 ordi·

83 3202 99 3238 a
125 3181 292 3256 nationem,
318 3201 378 3242 non
400 3182 562 3244 incurritur
585 3183 799 3262 irregularitas,
815 3187 886 3246 clim
904 3184 968 3248 baec
988 3207 1048 3251 non

83 3293 99 3329 r
123 3271 290 3332 inveniatur
303 3289 442 3354 expressa
455 3271 486 3332 in
497 3271 602 3350 jure...

124 3363 211 3421 lusa.
236 3382 251 3418 u
277 3363 315 3423 Ut
336 3361 462 3422 clericus
480 3364 530 3444 qui
557 3361 727 3442 hujusmodi
748 3362 844 3424 ollicia
864 3367 1048 3448 exercuerit,

85 3477 98 3506 a
124 3447 216 3528 possit
229 3449 379 3522 ordinari,
395 3450 504 3514 sufficit
518 3451 611 3530 qudd,
627 3451 760 3532 deposita
775 3451 1048 3532 administratione,

85 3559 99 3594 a
124 3537 263 3598 idoneam
278 3537 501 3616 fidejussionem
519 3539 556 3600 de
577 3541 667 3620 gestis
691 3542 830 3620 praebeat.
852 3541 951 3602 lmd...
968 3543 1049 3621 quod

86 3623 99 3684 u
123 3626 228 3686 reddat
248 3627 394 3697 rationes,
415 3636 444 3688 et
461 3628 749 3689 administrationem
763 3629 911 3708 deponat,
935 3628 1049 3688 etiamsi

86 3734 101 3773 a
124 3713 225 3778 debita
237 3716 488 3780 conroboret...»
502 3719 548 3796 (S.
564 3717 700 3796 liguas,
711 3715 761 3777 lib.
778 3718 809 3792 ³,
825 3712 911 3790 8³8.)
