2534 3996
436 303 520 348 arura
542 304 658 352 antuus.
988 291 1047 352 389

121 405 208 464 arao.
231 401 316 464 Circa
334 399 504 464 facultatem
524 402 649 482 Capituli
669 421 702 466 ae
727 402 916 468 coadunandi
937 402 1051 483 absque

88 489 199 552 lieentia
213 489 364 572 Episcopi,
378 489 439 552 duo
449 489 640 572 excipiuntur
651 510 756 554 casus:
773 497 803 554 lt
813 493 841 554 Si
853 492 969 553 adesset
980 511 1051 553 con·

88 579 208 641 suetudo
219 597 279 640 uon
294 597 359 640 sese
373 579 591 659 congregrandi
609 579 664 642 nisi
679 599 748 643 cum
765 581 882 642 licentia
897 580 1049 661 Episcopi,

89 675 172 748 prout
180 669 296 730 censuit
306 667 412 730 eadem
426 668 457 729 S.
473 667 505 730 C.
520 669 612 732 Conc.
627 669 668 746 (in
685 669 830 744 aretenta,
846 673 864 731 E
875 671 932 748 jul.
950 672 1049 745 libi).

88 755 142 818 Sed
157 756 186 818 in
200 756 256 820 boo
269 775 340 820 casu
360 774 420 817 non
437 764 533 837 potest
548 757 732 836 praetendere
743 758 909 839 Episcopus
922 764 955 819 ut
968 757 1053 838 Capi·

87 845 178 911 lulum
194 846 249 926 ipsi
264 845 394 908 declaret
407 843 446 906 de
460 845 571 926 quibus
586 847 714 927 negotiis
730 847 768 908 sit
781 846 932 926 agendum
945 893 952 914 ,
967 853 997 906 et
1008 845 1053 906 di-

86 933 191 996 cuntid
201 933 291 996 luisse
307 934 415 1014 pariter
424 933 586 996 decisnma
600 937 631 997 S.
647 937 757 1016 Congr.
775 935 867 998 Cone.
884 933 1013 996 Barbosa
1023 940 1051 995 ct

87 1022 249 1104 Pignatelli‚
265 1041 314 1104 ap.
331 1025 367 1083 D.
383 1022 478 1084 erix
493 1023 558 1101 tib„
574 1043 603 1104 p.
620 1027 680 1085 too
695 1032 724 1086 et
735 1026 820 1100 tot).

123 1115 153 1174 2⁰
168 1114 234 1173 Nou
248 1111 434 1173 obstantibus
448 1111 607 1193 praedictis,
624 1121 720 1194 potest
734 1115 910 1195 Episcopus.
921 1131 957 1174 ex
972 1114 1052 1192 gravi

86 1209 113 1264 et
135 1199 301 1262 rationabili
321 1204 430 1268 canat.
450 1200 613 1281 aliquando
634 1203 817 1284 suspendere
832 1210 882 1264 aut
895 1202 1053 1282 probibere

86 1290 328 1352 convocationem
338 1289 476 1371 Capituli.
487 1291 570 1352 ltaS.
587 1293 620 1353 C.
637 1293 741 1364 Cano,
757 1291 788 1352 in
800 1291 1050 1368 Lauret.,6lebr.

88 1385 173 1441 lldll.

127 1469 262 1530 Diximus
275 1485 366 1549 supra
380 1469 479 1548 (2300)
500 1487 588 1550 posse
601 1470 784 1551 Episcopum
805 1469 924 1549 exigere
946 1474 980 1530 ut
998 1468 1053 1530 sibi

87 1556 259 1620 exhibeatur
281 1556 356 1619 liber
379 1559 616 1630 resolubouum,
642 1559 688 1622 vel
707 1559 825 1620 illarum
842 1559 945 1638 copia,
961 1563 995 1619 ut
1014 1559 1055 1622 ait

88 1653 192 1709 auctor
205 1646 345 1711 Proelect.
361 1644 398 1710 S.
413 1646 541 1729 Salpia,
552 1657 585 1710 n⁰
599 1651 668 1712 387.

535 1837 608 1919 ar.

88 1986 212 2069 dejure
223 1987 359 2072 Capituli
366 1982 597 2051 admiua‘stranda'
610 1989 681 2052 bonu
690 1989 731 2052 ad
742 1987 923 2074 beneficiatos
937 2008 988 2055 seu
1001 1989 1056 2056 Ca-

312 2085 441 2168 pelianus
457 2085 644 2149 Catlredralr's
656 2088 830 2169 spectantia.

127 2263 217 2326 atat.
238 2260 487 2342 decapitatum,
506 2279 568 2322 nou
591 2263 661 2324 rard
683 2261 721 2324 ad
742 2261 934 2326 beneficiatos
948 2269 979 2327 et
1000 2265 1055 2326 Ca·

86 2351 222 2434 pellarios
243 2351 368 2433 pertinet
382 2349 598 2412 administratio
620 2350 881 2432 eleemosynarum
894 2399 903 2428 ,
918 2353 1055 2416 anniver-

85 2442 257 2514 sariorum,
273 2440 460 2520 aliarumque
474 2438 590 2520 piarum
605 2438 941 2508 oblationumEcclesiae
955 2441 1058 2504 Catho-

85 2530 191 2600 dralis,
208 2529 395 2610 potissimum
411 2527 527 2590 illarum
543 2547 611 2609 quaa
624 2529 759 2610 pendent
772 2532 788 2592 a
796 2529 863 2607 jure
874 2530 1055 2610 parochiali:

85 2619 161 2701 quia
174 2618 314 2699 Capitulis
325 2618 479 2680 inestcura
492 2616 658 2680 habitualis.
670 2620 707 2679 Et
717 2617 784 2693 boc,
799 2619 914 2679 etiamsi
925 2619 1058 2700 praedicti

86 2707 242 2789 Capeliani
269 2705 377 2768 iisdem
400 2707 630 2768 obventionibus
659 2706 847 2789 participent.
870 2707 928 2770 Sed
952 2707 1058 2769 iisdem

85 2797 261 2878 Capitulum
275 2793 496 2858 administrator
509 2795 655 2858 rationem
666 2795 790 2858 reddere
799 2803 917 2860 tenetur
930 2796 968 2858 de
979 2797 1059 2859 duali

87 2890 147 2948 sua
161 2885 433 2960 administratioue;
450 2903 507 2948 nec
525 2891 623 2967 potest
635 2885 701 2948 sind
715 2903 864 2948 concursu
878 2886 1059 2951 auctorrtatis

86 2974 270 3056 episcopalis
292 2973 451 3036 immutare
471 2974 609 3055 antiquas
629 2973 862 3036 consuetudines
876 2975 976 3056 quoad
996 2976 1059 3038 dis·

86 3063 287 3125 tributionem
302 3061 475 3142 hujusmod'r
486 3062 699 3125 obventionum
712 3063 793 3146 (Cap.
805 3063 900 3140 unia,
916 3064 1057 3127 declerie.

85 3173 147 3214 non
162 3151 262 3223 reaid„
280 3153 312 3214 in
326 3157 377 3226 6⁰,
391 3160 421 3215 et
433 3151 532 3233 Rota).
547 3155 607 3214 Nec
620 3152 708 3213 etiam
724 3159 836 3233 potest,
858 3155 973 3216 seclusa
991 3175 1062 3218 coo·

84 3242 273 3319 suetudine,
297 3242 342 3304 vel
357 3248 484 3317 statuta,
499 3247 552 3304 aut
571 3240 691 3322 speciali
708 3240 902 3322 dispositione
915 3245 1061 3306 testatoris

86 3331 122 3392 in
139 3331 341 3407 contrarium,
360 3331 531 3413 capellanos
554 3330 661 3392 aliosve
680 3330 803 3392 clericos
823 3331 916 3392 clroro
938 3333 1061 3394 interes-

84 3431 195 3484 sentes
209 3421 325 3503 prirare
339 3418 551 3482 emolumentis
564 3419 854 3498 anniversariorum,
869 3421 939 3500 quia
954 3440 1063 3502 praesu·

87 3503 189 3572 uritur
203 3517 324 3572 testator
337 3510 465 3571 voluisse
483 3508 519 3570 iis
537 3507 712 3589 participare
734 3527 840 3570 omnm
858 3509 909 3589 qui
923 3511 1062 3571 assisten-

86 3593 166 3660 tiam
182 3605 335 3680 praestant.
355 3599 431 3660 Vide
453 3595 711 3670 Scarlantomum,
726 3615 775 3678 ap.
792 3601 828 3659 o.
852 3599 961 3674 ltouix,
977 3599 1064 3674 idid..

89 3697 123 3770 l’·
137 3691 213 3766 ldlp
224 3694 283 3752 0⁸2·
306 3717 310 3724 ·

870 3787 886 3850 ¹
890 3783 947 3850 lm
