2534 3996
193 230 250 290 ³38
411 241 549 288 urrunnu
569 240 670 288 nonus
688 229 771 288 annis
791 239 939 287 ennomus.

194 363 261 408 cere
273 342 361 406 desiit
370 342 558 406 Gubernium
572 360 653 405 anno
665 345 752 406 1830.
764 340 840 404 Vide
847 339 989 404 Proelect.
1000 336 1036 404 S.
1047 336 1161 422 sulpit.

196 445 229 496 n⁰
243 437 312 496 358.

235 525 324 585 2278.
347 520 469 594 Quaerit.
486 526 516 584 l⁰
532 523 555 582 Α
575 539 637 602 quo
653 521 690 584 sit
703 517 894 602 deputandus
909 515 1169 582 Vicariusbabens

197 605 1170 689 curamanimaruminEcclcsiisCathcdralibusCapitulounitis‘3

237 703 326 782 Resp.
342 703 409 763 lam
425 700 495 762 huic
510 699 667 782 quaeslioni
687 695 778 760 luisse
792 697 973 760 satisfactum
989 715 1080 778 supra
1095 698 1172 776 (453

198 797 228 853 et
240 795 299 852 458
315 792 356 868 Ι);
376 788 595 852 observandum
610 797 711 850 tamen
727 786 809 869 quod
820 789 871 867 jus
888 787 1046 867 antiquum
1066 785 1098 846 in
1114 786 1169 848 hb(

199 887 281 962 parte
291 881 308 942 a
317 878 451 942 Concilio
464 877 545 940 Trid.
557 877 645 940 fuerit
654 885 819 950 mutatum
836 875 975 938 antehoc
989 873 1171 952 Concilium,

199 969 333 1050 Capitula
351 985 454 1028 curam
470 967 639 1028 animarum
651 1015 659 1042 ,
670 985 732 1046 quo
747 966 819 1046 ipsis
833 964 943 1027 libebat
955 963 1067 1040 modo,
1082 982 1172 1026 exer-

200 1057 308 1118 cebant
321 1057 351 1118 in
367 1055 500 1117 ecclesiis
513 1056 568 1117 sibi
583 1055 693 1130 unitis3
707 1053 835 1116 liberum
846 1053 927 1116 enim
942 1060 1005 1116 erat
1019 1053 1108 1136 ipsis,
1125 1055 1173 1117 uel

201 1145 237 1208 orl
256 1145 425 1225 bujusrnodi
448 1163 551 1207 curam
571 1145 702 1226 aliquem
715 1144 880 1224 deputare,
895 1143 940 1204 vel
955 1160 1009 1224 per
1022 1161 1130 1206 omnes
1144 1151 1175 1205 et

200 1235 335 1316 singulos
351 1236 517 1296 Canonicos
530 1253 685 1309 exercere,
701 1233 745 1294 rel
760 1233 923 1295 decernere
936 1239 969 1294 ut
982 1249 1035 1313 per
1048 1241 1175 1296 turnum

201 1324 328 1405 qrrisque
343 1324 512 1386 Canonicus
532 1324 611 1385 illam
626 1331 800 1385 exerceret:
817 1323 868 1384 sed
884 1321 948 1384 haec
962 1321 1085 1384 facultas
1100 1323 1177 1405 ipsis

201 1412 296 1475 ablata
310 1413 366 1474 luit
382 1431 435 1494 per
450 1413 616 1474 Concilium
626 1413 760 1474 Trident.
773 1415 885 1489 (sess‘l
899 1459 907 1486 ,
922 1430 950 1473 c.
964 1414 993 1490 7)
1010 1431 1017 1473 ε
1033 1411 1073 1472 ibi
1088 1415 1175 1475 enim

202 1503 232 1563 S.
249 1502 387 1582 Synodus
412 1501 532 1562 mandat
546 1501 702 1582 Episcopis
716 1509 748 1563 ut
764 1501 794 1562 in
810 1500 967 1582 parochiis
978 1520 1047 1582 quur
1064 1503 1173 1565 Cathe-

201 1589 348 1665 drnlibus,
364 1591 549 1672 collegiatis,
565 1591 753 1652 llonasteriis
767 1609 820 1653 scu
830 1590 895 1652 aliis
910 1590 1048 1654 Ecclesiis
1063 1594 1167 1654 uniun

200 1688 264 1757 tur,
290 1681 414 1742 sollicilb
438 1679 593 1761 providere
617 1686 724 1741 curent
745 1687 778 1741 ut
804 1698 858 1761 per
883 1679 995 1741 idoneos
1021 1679 1175 1762 ‚vicarios

200 1770 288 1830 ellum
309 1777 484 1849 perpetuos,
506 1769 673 1828 culinarum
688 1788 758 1830 curo
777 1767 971 1830 laudabiliter
987 1781 1175 1836 mercentur.

201 1860 244 1918 Ex
268 1857 377 1936 quibus
394 1857 492 1917 vorbis
507 1864 586 1938 patet
607 1876 688 1920 nunc
706 1857 744 1919 ad
762 1859 946 1939 Episcopum
961 1858 1110 1939 pertinere
1125 1861 1176 1924 dc

201 1945 465 2022 terminationem,
480 1964 519 2007 an
536 1947 641 2008 l'icnrii
661 1947 767 2026 Cureti
786 1947 995 2028 parochiarum
1017 1949 1176 2014 unitarum

202 2035 336 2114 perpetui
351 2051 416 2095 esse
433 2033 580 2111 debeant,
603 2036 648 2098 vel
663 2037 762 2098 solbm
783 2035 974 2117 temporarii:
990 2035 1176 2117 peridoneus

202 2121 333 2190 uri-orion,
348 2121 445 2204 inquit
458 2125 641 2202 Concilium,
662 2126 750 2187 etium
763 2135 937 2206 perpetuos,·
949 2143 1021 2205 ergo
1040 2145 1102 2188 non
1119 2149 1175 2194 ne·

200 2211 330 2272 cessario
342 2219 411 2273 sunt
427 2214 559 2294 perpetui
571 2213 621 2275 sed
632 2215 812 2296 temporales
822 2231 885 2274 esse
901 2220 1036 2294 possunt.
1053 2217 1111 2278 Sed
1122 2219 1177 2281 ob-

201 2317 284 2360 serva
303 2301 399 2382 quiid,
415 2303 507 2363 semol
522 2307 620 2364 erectb
639 2304 754 2364 Vicani
770 2305 931 2384 perpetua,
946 2305 1097 2385 Episcopo
1108 2307 1174 2386 jam

202 2407 262 2450 non
283 2390 320 2451 sit
333 2392 463 2472 anrptibs
478 2391 604 2453 liberum
619 2392 699 2453 illam
715 2391 912 2474 supprimere,
930 2391 1083 2455 utiterum
1099 2415 1174 2461 cura

200 2479 404 2542 committatur
414 2481 532 2542 bicario
543 2499 595 2561 per
610 2481 779 2563 Capitulum
790 2480 959 2544 revocabili.
975 2481 1018 2544 lla
1028 2483 1064 2545 D.
1075 2485 1172 2550 Bouix

200 2567 255 2645 (Dc
271 2567 296 2630 C
296 2569 440 2649 rpn'tult's,
456 2589 487 2649 p.
504 2573 584 2648 961).

241 2659 317 2720 Ante
334 2657 424 2720 modd
438 2658 550 2720 dictam
571 2667 773 2736 erectionem,
788 2661 842 2724 etsi
863 2663 1033 2744 Capitulum
1047 2671 1127 2728 esset
1140 2667 1172 2728 in

200 2747 387 2826 possessione
409 2748 639 2810 immemorabili
660 2751 836 2812 nominandi
851 2753 1004 2814 Vicarium
1023 2756 1170 2818 amoribi-

200 2834 277 2911 lem,
302 2837 469 2916 Episcopus
492 2845 588 2918 polest
611 2839 760 2901 Vicarium
782 2839 953 2920 hujusmodi
977 2844 1169 2908 umoribilem

200 2925 1170 3011 mutareinper·petuum,priuilepiisetenemptr‘cnibusincontra·

198 3012 277 3072 rn'um
299 3013 421 3074 minimi
445 3015 689 3096 aaffiopnntr'bus,
708 3019 805 3098 inquit
825 3020 1052 3099 Tridentinum;
1067 3033 1096 3084 el
1111 3024 1168 3088 hon

199 3099 288 3162 luisse
306 3102 393 3163 variis
413 3103 615 3166 decisionibus
633 3107 663 3168 S.
687 3107 719 3169 C.
739 3109 828 3170 Conc.
846 3109 1057 3173 confirmatum
1079 3115 1169 3177 relect

197 3189 424 3271 Cor·radus,ap.
437 3193 473 3253 b.
492 3194 584 3254 Eouix
600 3195 708 3277 (itia).
719 3231 757 3241 —-
768 3197 852 3260 Circa
862 3207 999 3262 naturam
1016 3205 1168 3281 potestatis

198 3279 307 3340 relictae
326 3279 461 3360 Capitulo
476 3283 575 3362 quoad
589 3302 691 3347 curam
707 3286 877 3352 animarum
895 3289 927 3350 in
948 3290 1097 3370 parochiis
1109 3293 1164 3356 sibi

198 3367 302 3444 unitis,
317 3368 384 3430 vide
397 3369 475 3432 diota
485 3391 576 3453 supra
589 3376 698 3456 (1312).

228 3501 236 3529 ⁸
253 3497 278 3548 ln
291 3499 412 3552 Vicarium
425 3503 539 3556 Curatum
549 3506 660 3572 deputari
676 3517 760 3574 posset
773 3513 906 3566 canonicus
924 3519 1162 3581 supmnumernrins,

197 3568 251 3621 ciam
265 3571 311 3620 boc
324 3588 371 3622 non
386 3574 418 3623 sit
430 3574 621 3642 incoorpntibile.
635 3579 661 3630 S.
671 3581 760 3648 congr.
771 3584 845 3635 Cone.
860 3585 884 3635 in
897 3589 1028 3654 Fuluinut,
1043 3593 1073 3642 ll
1083 3593 1164 3644 martii

200 3639 271 3704 tnta,
284 3645 347 3704 apud
361 3645 482 3702 Ferraria.
496 3661 523 3696 re
534 3651 705 3714 Curionieutur,
719 3659 763 3704 art
779 3656 820 3720 ll,
830 3669 860 3706 n·
870 3658 902 3710 25
