2522 3996
433 231 520 279 unm
539 231 659 277 numus.
995 216 1034 280 lll

76 359 90 392 ι
110 329 156 393 die
169 329 313 409 celebrat,
329 331 449 413 utrique
467 329 619 412 parochiae
640 346 727 392 suum
750 329 872 390 missam
886 328 1036 411 applicare

74 445 85 478 a
105 423 251 494 teneatur,
269 439 328 484 non
343 421 479 482 obstante
494 419 666 482 reddituum
681 418 851 498 exiguitate.

107 529 123 568 ι
145 511 180 570 ll.
204 513 251 572 An
273 509 418 592 parochus
439 508 491 590 qui
515 509 546 570 in
570 511 630 570 und
648 507 816 588 eidemque
831 506 971 588 parochih
993 508 1038 571 bis

73 619 85 654 a
108 597 211 660 eodem
224 599 273 661 dic
286 599 431 676 celebrat,
447 604 606 678 utramque
620 595 742 658 missam
758 595 870 676 populo
885 595 940 657 sibi
954 614 1035 658 com·

74 709 86 743 n
108 687 197 748 misso
210 687 300 768 gratis
314 687 469 770 applicare
480 687 606 748 omnino
619 691 756 746 teneatur
771 684 802 744 in
817 702 904 758 casu,
921 691 978 746 etc.

108 795 123 834 r
146 775 193 837 lll.
214 779 261 838 An
282 775 383 838 vicarii
406 783 458 837 aut
480 775 530 837 alii
552 773 723 837 sacerdotes
745 791 850 835 curam
869 772 1039 835 animarum

75 884 87 920 r
109 881 167 926 non
186 864 350 942 habentes,
373 863 398 926 si
420 863 543 945 quando
565 863 663 924 bisin
686 861 735 924 die
757 862 929 939 celebrant,
952 867 985 924 ut
1007 861 1041 924 lit

76 973 89 1008 r
110 953 305 1034 quandoque,
327 971 380 1015 seu
394 959 429 1015 ut
448 971 577 1015 numero
599 951 757 1014 sufficienti
776 952 874 1013 missae
893 952 924 1012 in
944 951 1040 1014 eccle·

75 1062 87 1097 n
111 1043 151 1102 sib
163 1041 329 1104 Gathedrali
355 1041 554 1114 celebrentur,
571 1060 625 1102 seu
647 1048 680 1103 ul
698 1039 870 1121 hospitalia,
886 1057 1037 1115 carcereS,

76 1151 88 1184 a
109 1121 378 1206 sanctimonialium
392 1128 559 1192 conventus
584 1131 675 1199 missb
690 1147 752 1190 non
771 1134 910 1205 careant,
930 1147 1039 1191 secuu-

76 1239 88 1273 ι
108 1217 173 1279 dam
183 1220 277 1300 etipsi
289 1219 411 1280 missam
420 1219 533 1300 populo
543 1219 634 1298 gratis
642 1218 792 1299 applicare
802 1224 971 1286 teneantur.
980 1223 1037 1281 etc.

110 1327 124 1363 a
147 1309 181 1367 Et
193 1317 345 1388 quatenus
358 1307 532 1368 affirmative
547 1306 584 1368 ad
598 1309 626 1380 l,
641 1309 686 1382 ll,
703 1308 751 1367 lll.

110 1417 123 1451 n
146 1396 193 1457 lll.
212 1399 258 1458 An
280 1401 311 1458 et
334 1395 487 1477 quomodo
508 1395 738 1458 concedendum
757 1393 794 1456 sit
813 1396 968 1474 parochis,
989 1397 1041 1478 qui

78 1505 89 1538 a
110 1482 210 1546 diebus
231 1485 399 1546 Dominicis
412 1485 538 1566 aliisque
558 1483 640 1546 lestis
654 1483 701 1546 bis
715 1483 883 1562 celebrant,
899 1493 932 1548 ut
952 1487 1042 1548 unius

79 1593 91 1626 a
111 1571 202 1634 missae
215 1573 344 1636 liberum
354 1571 483 1635 habeant
496 1573 744 1654 applicationem,
755 1577 786 1633 et
795 1573 980 1654 stipendium
988 1593 1043 1656 pro

79 1683 90 1714 a
112 1663 144 1722 eat
157 1661 436 1744 reciperevaleant,
451 1669 508 1723 etc.

112 1771 125 1806 a
146 1751 181 1809 V.
198 1753 246 1812 An
261 1756 293 1812 et
305 1749 459 1832 quomodo
473 1749 554 1812 idem
574 1748 804 1813 concedendum
825 1750 864 1812 sit
885 1749 1046 1812 sacerdoti-

79 1859 91 1892 υ
113 1837 164 1899 bus
176 1857 282 1902 curum
300 1839 470 1902 animarum
484 1857 547 1901 non
561 1838 756 1918 habentibus,
771 1837 872 1921 quoad
885 1846 1044 1920 utramque

80 1947 92 1980 r
114 1926 247 2001 missam,
265 1935 324 1990 etc.

112 2035 125 2070 a
148 2017 193 2077 vl.
212 2021 259 2078 An
276 2022 308 2078 el
330 2017 483 2098 quomodo
505 2015 700 2080 concedenda
721 2016 759 2079 sit
776 2017 924 2082 absdutio
944 2017 1045 2098 quoad

81 2125 92 2156 r
115 2107 297 2184 preteritum
313 2105 438 2168 incasu.

113 2213 127 2248 n
150 2194 202 2256 Die
216 2199 256 2256 25
274 2201 351 2278 sept.
368 2198 445 2258 1858
460 2198 491 2260 S.
503 2196 702 2278 congregatio
719 2194 758 2259 ad
770 2195 942 2277 supradicta
954 2193 1045 2258 dubia

82 2301 93 2334 r
114 2284 282 2364 rescripsit:
314 2317 319 2334 ·

114 2392 129 2428 ι
152 2372 197 2432 Ad
215 2375 253 2432 1¹²
268 2372 480 2454 affirmative&

115 2479 129 2516 a
154 2460 197 2522 hd
211 2465 254 2524 2¹²
268 2463 415 2542 negativi,
428 2463 514 2525 firmi
530 2461 731 2546 prohibitione
744 2463 908 2546 recipiendi
918 2463 1047 2526 eleemo-

83 2569 95 2602 r
114 2566 216 2629 synam
232 2569 289 2631 pro
303 2551 437 2614 secunda
450 2552 552 2614 misst.

114 2657 128 2694 ι
153 2638 197 2700 hd
210 2641 252 2701 3“Ι
265 2640 419 2719 sepetire,
435 2647 584 2721 quatenus
606 2659 710 2705 curam
732 2641 903 2704 animarum
917 2661 979 2704 non
997 2642 1048 2704 ha-

82 2745 93 2780 r
114 2723 217 2804 beant,
234 2725 324 2789 lirmd
337 2745 456 2810 semper
470 2729 670 2810 prohibitione
689 2729 853 2812 recipiendi
876 2730 1047 2812 eleemosy-

84 2833 94 2868 a
117 2831 183 2876 uam
193 2833 251 2896 pro
264 2816 397 2878 secundi
411 2817 513 2880 missa.

115 2923 128 2958 r
153 2903 198 2965 hd
211 2909 252 2966 4¹²
267 2904 420 2985 repolire,
436 2912 465 2968 et
488 2907 656 2989 Episcopus
679 2907 832 2988 provideat
857 2907 896 2970 ad
918 2908 1047 2972 sormam

83 3011 95 3042 r
117 2990 236 3054 Constit.
255 2992 331 3057 cum
343 2995 594 3075 semperoblotos,
608 2995 666 3076 §u

115 3099 130 3135 r
154 3080 199 3142 hd
213 3085 253 3143 5¹²
270 3081 425 3144 Provisum
434 3082 466 3144 in
480 3086 523 3146 3⁰.

115 3187 130 3226 r
153 3168 508 3234 ruo-celebnuunieu
518 3171 656 3236 missttah
669 3175 1042 3259 unoquoque-affirmo

83 3273 96 3313 r
119 3253 188 3334 liud,
198 3257 278 3320 lactu
291 3258 382 3322 verbo
393 3277 465 3322 cum
480 3263 713 3326 sanctissimo.»

117 3345 195 3408 Circa
209 3347 364 3428 praelatam
377 3347 579 3429 decisionem,
591 3352 729 3415 observat
742 3359 845 3416 auctor
858 3355 1047 3418 collectionis

111 3497 120 3524 ¹
135 3485 181 3540 Pro
196 3489 392 3552 secundiniani
410 3497 491 3544 tamen
504 3499 584 3560 potest
596 3494 626 3544 ab
640 3494 760 3561 Episcopo
776 3496 885 3561 permitti
896 3503 923 3547 ut
938 3499 1048 3548 solvatur

86 3555 175 3623 aliquot
183 3559 321 3612 subsidium
332 3564 422 3612 iutuitu
430 3564 522 3614 laboris
530 3571 572 3616 sut
581 3566 732 3616 incommodi
741 3567 858 3632 suscepti.
870 3567 903 3616 lta
912 3569 1021 3618 decisum
1033 3569 1047 3616 l

88 3623 108 3676 S.
119 3628 205 3697 Cougr.
215 3631 318 3685 concilii
328 3633 433 3686 retertur
442 3633 572 3700 apudlleo.
584 3637 625 3688 der
636 3638 742 3688 tuentes
754 3638 848 3696 melas,
862 3649 892 3685 n·
903 3637 942 3698 tl,
956 3652 981 3701 p.
992 3635 1046 3686 tos.

145 3757 171 3802 l.
188 3759 207 3800 ll
714 3763 727 3772 ’“
908 3723 929 3783 ²
