2522 4028
178 257 236 323 aot
394 270 534 317 6666666
553 270 654 316 rortus
673 267 755 316 runis
775 267 922 316 canonici.

172 370 298 454 speciott
306 371 375 449 iure
389 368 418 430 id
433 368 488 450 ipsl
498 371 683 448 competeret
694 413 703 443 ,
716 367 763 428 vel
777 365 899 428 tandem
913 365 970 428 nisi
983 365 1157 431 necessaria

178 467 258 524 esset
271 460 365 541 ipsius
376 455 553 522 interventio
562 455 599 517 ad
610 453 743 517 sedanda
755 455 895 518 scandala
905 455 1157 518 tumultuantium

179 550 211 614 in
224 548 359 631 Capitulo
371 568 379 610 :
390 547 422 610 in
432 565 493 628 quo
502 543 723 608 casuCanonici
732 550 873 607 tenentur
885 545 971 606 illum
983 544 1157 623 admittere,

164 639 249 702 ¹licet
264 639 327 720 ipse
339 646 413 700 tunc
427 635 545 698 nultum
560 633 654 715 possit
668 633 744 696 t'crre
758 633 945 714 suffragium.

220 731 311 789 atta.
327 729 417 808 assp.
437 727 469 788 3⁰
483 721 587 796 Quoad
600 723 756 784 Decanum
774 719 954 785 scinduntur
966 723 1157 786 Canonistae:

181 835 253 882 eunt
266 833 331 879 esse
345 814 383 878 de
397 813 533 895 Capitulo
546 811 701 874 contendit
714 811 880 874 Leurenius
893 829 963 874 curn
978 811 1119 894 l'irrhing
1128 821 1161 874 et

182 904 386 968 Reidenstuel.
406 904 568 983 Fagnanus
584 902 655 962 verd
674 907 703 962 et
722 900 854 962 Barbosa
871 899 929 962 hoc
948 909 1081 982 negant,
1100 901 1160 963 nisi

183 994 273 1056 simul
295 994 332 1056 sit
345 991 529 1069 Canonicus,
543 997 595 1052 aut
612 989 670 1052 nisi
683 989 727 1052 sic
739 988 847 1051 habeat
862 989 1061 1052 consuetudo.
1081 989 1161 1053 vide

185 1083 281 1144 Bouix
298 1082 351 1161 (lb.
367 1085 428 1160 66).

224 1159 315 1234 aira.
336 1173 425 1252 Resp.
449 1174 483 1231 4⁰
500 1190 516 1229 r
534 1171 578 1230 De
595 1169 663 1246 jure
682 1169 853 1247 communi,
873 1169 971 1250 inquil
993 1169 1162 1234 Leunenius

186 1265 245 1342 (ap.
262 1263 298 1322 D.
316 1259 423 1338 Bouix,
439 1259 484 1321 De
499 1256 667 1340 Capitulis,
680 1277 712 1339 p.
728 1261 789 1337 cr),
801 1280 817 1318 6
831 1259 997 1340 Dignitates
1012 1277 1073 1322 non
1089 1268 1162 1322 sunt

185 1373 201 1409 n
224 1349 262 1411 de
276 1349 421 1431 Capitulo,
438 1347 496 1410 nisi
509 1346 540 1408 in
554 1364 659 1408 earum
672 1348 822 1410 erectione
836 1349 1021 1429 exprimatur
1033 1367 1159 1412 conces-

187 1461 201 1498 6
227 1439 271 1500 sio
292 1438 368 1500 stalli
392 1437 422 1500 in
442 1436 534 1498 choro
551 1443 581 1498 et
593 1435 674 1498 vocis
690 1437 724 1496 in
743 1437 895 1517 Capitulo,
909 1437 955 1499 rel
975 1436 1031 1498 nisi
1050 1445 1160 1500 statuto

187 1551 202 1586 n
226 1528 271 1590 vel
295 1525 512 1590 consuetudine
534 1525 710 1606 disponatur
732 1525 814 1606 quod
836 1526 895 1600 sint
918 1525 957 1588 de
978 1527 1127 1608 Gapimlo.
1143 1551 1157 1585 n

188 1616 270 1680 ldent
284 1623 420 1678 asserunt
433 1613 601 1677 Canonistae
614 1631 732 1690 omnes,
747 1614 824 1676 inter
837 1633 913 1694 quos
934 1615 1053 1676 Cardin.
1075 1617 1161 1678 Petra

189 1713 219 1767 et
237 1705 462 1768 Scartantonius
477 1703 542 1779 lib..
557 1722 588 1783 p.
612 1705 681 1779 84);
702 1704 720 1764 a
745 1721 806 1783 quo
826 1721 956 1784 sequens
977 1704 1081 1786 regula
1100 1711 1161 1766 tra-

189 1796 292 1858 ditur:
313 1817 329 1853 n
344 1794 507 1875 Dignitates
526 1792 701 1872 reputandae
721 1800 791 1854 sunt
809 1792 848 1854 66
869 1810 995 1874 corpore
1015 1793 1158 1874 Capituli.

191 1905 205 1942 n
230 1885 254 1945 si
274 1884 305 1945 in
326 1881 484 1944 traditione
505 1881 701 1962 possessionis
720 1880 810 1942 luerit
828 1881 941 1943 eisdem
962 1882 1162 1962 Dignitatibus

190 1995 206 2032 a
231 1973 414 2052 assignatum
437 1967 640 2050 capitulariter
659 1969 778 2030 stallum
803 1969 835 2030 in
857 1969 950 2033 choro
971 1976 1002 2031 et
1023 1969 1108 2033 locus
1132 1974 1162 2033 in

192 2083 206 2120 u
232 2059 387 2142 Capitulo;
412 2077 483 2122 curn
503 2057 571 2120 talis
598 2057 756 2120 installatio
774 2059 916 2140 importet
933 2059 1161 2124 concessionem

192 2172 207 2212 6
231 2149 312 2230 pleni
323 2148 399 2228 juris
413 2147 566 2210 canonici.
582 2168 597 2205 6

231 2239 275 2300 De
289 2237 423 2319 Capituto
432 2237 521 2299 etiam
534 2255 596 2298 non
605 2243 651 2298 est
663 2237 824 2316 Coadjutor
833 2237 987 2320 Episcopi,
1005 2235 1063 2299 nisi
1072 2237 1162 2301 simul

193 2327 231 2390 sit
243 2326 422 2388 Canonicus.

233 2420 322 2478 attt.
345 2415 517 2478 Mirandum
531 2423 654 2496 quidem
675 2413 816 2497 estquod
830 2415 995 2498 Dignitates
1017 2433 1087 2498 quae
1109 2418 1163 2480 Ga·

194 2507 320 2569 nonicos
343 2504 518 2587 praecedunt
542 2511 571 2566 et
594 2505 679 2566 stalla
701 2505 813 2567 habent
841 2505 871 2566 in
894 2503 1010 2577 cltoro,
1033 2523 1164 2586 quarunt

193 2595 294 2658 Prima
312 2597 402 2658 etiarn
417 2597 529 2656 Praeses
547 2600 592 2656 est
604 2601 634 2655 et
647 2594 742 2676 Caput
758 2593 896 2675 captati,
913 2611 976 2655 non
990 2593 1050 2656 sint
1062 2601 1163 2658 tamen

194 2683 232 2746 de
246 2685 340 2766 ipsius
354 2685 481 2766 gremio,
493 2681 549 2744 nisi
563 2681 685 2765 quando
704 2683 776 2764 ipsis
789 2695 846 2744 noc
858 2682 1028 2762 tribuitjus,
1043 2685 1163 2764 privila-

195 2773 236 2854 gii
250 2775 294 2836 uel
312 2772 538 2836 consuetudinis
559 2789 629 2854 ope.
644 2771 801 2834 Rationem
815 2789 907 2853 quarn
924 2771 1011 2834 allent
1023 2773 1165 2836 ’1666666-

195 2863 280 2926 ainus
293 2871 338 2926 est
351 2862 432 2943 quod
443 2863 474 2924 in
489 2860 636 2944 principio
648 2861 707 2922 illm
720 2861 884 2940 Dignitates
897 2860 970 2923 nihil
985 2861 1067 2924 aliud
1081 2871 1165 2925 erant

197 2955 288 3034 quam
310 2951 408 3013 officia
428 2956 623 3031 temporanea
635 2949 784 3012 extraneis
801 2950 980 3027 commissa,
995 2949 1034 3013 da
1054 2952 1164 3032 quibus

195 3040 270 3102 ratio
285 3039 421 3121 Capitulo
438 3039 591 3100 reddenda
605 3047 668 3101 erat
683 3059 691 3100 ε
706 3045 741 3100 ut
758 3040 828 3100 uero
847 3039 886 3102 da
904 3039 940 3101 iis
955 3039 1076 3102 tiberius
1089 3040 1162 3103 deli·

196 3127 335 3191 berarent
349 3128 507 3206 (laconici,
523 3127 543 3188 ii
556 3129 608 3209 qui
622 3129 696 3190 tales
710 3129 938 3192 commissiones
952 3127 1162 3210 impleverant,

196 3217 229 3279 in
242 3215 395 3298 capitulari
410 3223 489 3278 coetu
504 3233 565 3278 non
575 3215 827 3279 admittebantur:
843 3237 912 3298 quae
919 3217 1052 3280 exclusio
1064 3237 1164 3300 perse·

197 3308 308 3367 vestivit
333 3305 424 3367 etiam
447 3313 606 3387 postquam
631 3306 673 3366 illi
702 3305 977 3386 administratores,
998 3307 1120 3371 stabiles
1138 3314 1166 3370 ct

198 3395 362 3474 Dignitates
379 3395 536 3456 devenere.
556 3394 642 3472 (Vide
660 3413 709 3476 ap.
727 3397 842 3469 Bouix,
860 3396 902 3458 De
923 3393 1039 3477 Copia,
1054 3415 1086 3478 p.
1106 3401 1165 3476 at.)

238 3486 327 3544 atro.
344 3483 433 3556 Resp.
454 3487 485 3544 6ο
500 3487 565 3548 Uno
579 3483 670 3545 serbo
681 3529 689 3560 ,
701 3484 786 3562 juxta
803 3485 929 3560 Rotam,
943 3484 982 3546 de
996 3486 1064 3565 iure
1081 3504 1165 3549 corn·

199 3570 284 3630 muni
306 3577 351 3632 est
377 3571 458 3653 quod
483 3571 652 3653 Capitulum
674 3574 856 3634 constituant
879 3575 934 3634 soli
954 3574 1117 3652 Canonici,
1138 3583 1166 3638 ct

202 3673 263 3718 non
291 3660 488 3740 portionarii,
507 3679 563 3724 neo
585 3659 778 3741 Coppellani,
801 3661 904 3723 vicarii
925 3661 1035 3746 aliique
1057 3663 1166 3724 beneti-
