2486 3984
412 250 499 300 nrum
518 249 638 298 mrum.
962 234 1020 298 tae

89 353 172 414 teor.
195 348 316 423 Ouaerit.
335 351 368 412 2·
393 351 497 431 lquo
519 347 698 430 peregrinus
719 345 919 412 absolvendus
939 350 979 412 sit
1001 351 1019 412 b

55 439 220 502 reservatis?

89 531 174 611 ltesp.
189 527 243 590 Vel
258 533 380 610 peccata
402 526 489 590 istius
506 523 659 610 peregrini
680 531 869 590 reservantur
883 526 974 590 simul
989 527 1020 590 in

59 617 115 678 loeo
133 618 177 680 sui
191 616 335 680 domicilii
349 624 379 678 et
393 617 423 678 in
440 617 507 678 loco
526 615 577 678 ubi
592 615 763 690 conlitetur,
789 615 834 678 vel
856 617 974 678 tantum
990 617 1021 678 in

58 707 187 770 alterutro
200 725 237 768 ex
251 705 298 767 his
320 705 405 768 locis.
420 705 452 767 Si
467 706 569 786 prius,
584 723 748 768 commune
762 711 808 766 est
821 705 900 786 apud
917 723 1024 767 omnes

58 797 137 858 telem
148 814 209 858 non
222 813 311 877 posse
324 793 437 856 absolvi
450 795 467 856 a
482 793 610 875 simplici
623 791 827 870 Confessari03
843 793 922 856 bene
936 795 1022 870 verb,

61 883 130 960 turta
142 884 384 946 communiorem
395 883 575 945 sententiam
588 930 596 958 ‚
611 901 699 964 posse
713 881 826 944 absolvi
839 883 857 944 b
871 881 1023 945 contessa·

63 973 99 1032 rio
119 973 243 1035 habente
264 971 436 1035 facultatem
454 971 486 1033 in
505 976 669 1046 reservata,
685 970 756 1052 quia
778 970 961 1051 judicandus
981 977 1026 1034 est

61 1067 191 1143 tanquam
217 1061 316 1124 incola
332 1059 471 1124 dioecceis
486 1059 543 1122 ubi
569 1059 737 1123 confitetur.
753 1059 826 1124 Vide
846 1061 879 1122 S.
900 1059 1022 1142 Liguor.

62 1149 118 1224 (ib,
128 1163 160 1211 n·
172 1154 254 1228 587).

97 1243 176 1302 1606.
199 1239 230 1301 Si
245 1237 411 1321 posterius,
426 1239 537 1301 iterum
550 1237 798 1320 distinguendum
812 1243 878 1300 est:
894 1238 939 1300 rel
955 1256 1025 1320 peo-

63 1334 151 1389 ratum
165 1337 209 1390 est
223 1327 369 1392 duntaxat
384 1336 565 1390 reservatum
590 1329 621 1390 iu
637 1327 758 1391 dioeeesi
781 1327 832 1391 ubi
848 1328 1027 1409 peregrinus

63 1415 219 1491 cantitetur,
235 1425 267 1479 et
280 1426 372 1490 tunc,
387 1417 524 1498 quamvis
538 1417 664 1499 quaestio
685 1416 724 1479 sit
741 1425 932 1480 mutrorersa
951 1417 1028 1478 inter

64 1503 130 1580 bb,
144 1513 242 1568 tumen
257 1505 440 1567 coemuntur
452 1513 481 1568 et
496 1505 579 1587 torpe
590 1504 774 1587 probabilior
784 1505 931 1566 sententia
946 1511 1029 1567 tenet

62 1593 141 1654 talem
156 1595 351 1677 peregrinum
366 1612 428 1656 non
449 1613 537 1676 posse
559 1593 670 1656 absolvi
686 1596 703 1655 b
719 1611 779 1654 non
794 1594 959 1674 approbato
974 1612 1029 1674 pro

64 1683 223 1758 reservatis,
239 1683 314 1765 quia
326 1729 334 1759 ‚
347 1683 431 1762 juxta
446 1683 622 1745 hodiernam
646 1681 917 1754 consuetudinem,
940 1699 1029 1762 pere-

64 1771 132 1848 grini
145 1791 204 1834 non
217 1771 416 1835 absolvuntur
425 1772 576 1834 voluntate
588 1789 713 1834 suorum
727 1771 945 1854 Episcoporum
959 1816 967 1845 ,
979 1769 1030 1832 sed

64 1859 201 1922 uoluntate
216 1859 360 1923 Ecclesiae
374 1879 443 1940 quae
462 1861 567 1923 tribuit
586 1860 617 1922 in
632 1879 684 1923 eos
702 1859 941 1940 jurisdictionem
956 1876 1029 1920 carn·

65 1945 183 2011 bosseriis
192 1951 331 2011 locorum
344 1949 397 2010 ubi
409 1949 601 2011 confitentur.
613 1951 707 2012 Porrb
721 1951 792 2011 cirm
807 1949 990 2025 reservatio,¹
999 1956 1032 2011 ut

65 2035 147 2098 modb
162 2037 315 2112 diximu8‚
331 2036 417 2099 eadat
431 2038 461 2098 in
472 2037 669 2100 confessarios
681 2045 778 2101 elnon
793 2039 823 2099 in
834 2040 1029 2119 poenitentes,

65 2125 86 2184 si
103 2145 184 2188 casus
201 2127 240 2189 sit
261 2135 430 2190 reservatus
454 2128 484 2187 in
505 2126 570 2189 loeo
597 2126 812 2204 confessionis,
831 2127 1031 2188 contessarius

65 2213 145 2275 debet
157 2234 220 2278 esse
235 2215 420 2298 approbatus
435 2235 489 2296 pro
499 2217 663 2279 reservatis.
675 2219 715 2278 lta
727 2217 758 2278 S.
768 2217 878 2297 Congr.
890 2216 1030 2298 Episcop.

67 2305 103 2378 (S.
120 2304 251 2385 Lignea,
271 2304 322 2365 lib.
334 2307 370 2370 6.
385 2307 463 2376 588,
480 2308 563 2383 592.)

102 2397 184 2455 lbb'l.
207 2394 281 2456 Haec
294 2391 406 2454 decisio
420 2411 481 2454 nou
496 2402 541 2454 est
553 2393 731 2475 applicanda
744 2393 875 2474 parocho
885 2394 936 2474 qui
952 2397 1034 2456 extra

68 2479 209 2544 diocesim
220 2479 329 2562 accipit
337 2479 557 2544 consessionem
566 2483 611 2544 sui
622 2482 809 2564 parochiaui;
821 2483 870 2544 illc
880 2483 961 2544 enim
974 2501 1034 2543 non

70 2567 171 2650 indiget
191 2569 429 2652 approbatione,
449 2571 503 2632 etsi
525 2579 647 2652 peecata
665 2571 835 2652 parochiani
857 2571 916 2632 sint
939 2587 1034 2630 rescr-

71 2665 126 2720 rata
139 2657 168 2720 in
184 2659 250 2721 loco
270 2657 485 2727 confessionis,
500 2659 525 2720 sl
540 2677 601 2721 non
622 2662 683 2720 sint
702 2665 850 2720 reservata
865 2658 896 2718 in
915 2657 1035 2719 diaecesi

73 2747 193 2823 parrmbi.

107 2839 188 2899 1668.
212 2837 293 2898 Nota
307 2835 390 2918 qudd
404 2837 470 2910 etsi,
484 2841 569 2912 juxta
588 2835 820 2918 probabiliorem
835 2835 1034 2915 sententiam,

74 2920 100 2981 in
119 2925 347 2986 reservationem
370 2925 480 2987 incidat
502 2928 698 3008 peregrinus,
721 2928 745 2987 si
770 2935 890 3008 peccata
915 2928 945 2987 in
970 2928 1036 2989 loco

74 3015 309 3093 peregrinationis
333 3021 494 3084 reservata,
512 3013 625 3076 ibidem
647 3015 834 3086 committat.
850 3025 951 3092 tamen
976 3035 1035 3080 noo

76 3097 189 3162 incurrit
210 3119 355 3164 censuras
378 3103 482 3164 iisdem
502 3104 631 3184 peccatis
652 3103 783 3167 indicto
805 3105 870 3167 loco
888 3123 1036 3180 annexas,

76 3189 138 3266 quia
148 3190 247 3271 quoad
262 3210 422 3267 censuras,
435 3209 496 3252 non
511 3199 556 3253 est
569 3193 705 3255 subditus
720 3199 809 3275 prout
822 3212 886 3254 esse
900 3193 989 3253 debet
1002 3211 1037 3254 err

77 3291 134 3422 Erpa.
149 3285 170 3339 Α
184 3279 285 3356 nobie,
300 3279 335 3341 de
356 3288 479 3342 sentent.
494 3299 648 3360 erronem„
659 3281 690 3344 in
704 3287 748 3345 6⁰.
765 3281 838 3344 Vide
853 3285 884 3343 S.
903 3282 1036 3362 bigama,

87 3362 121 3424 '›.
136 3369 169 3430 6.
185 3375 218 3428 n⁰
231 3371 304 3430 691.
648 3409 655 3418 -

114 3457 195 3517 1669.
223 3457 272 3518 Vel
289 3464 443 3539 peccatum
467 3468 512 3523 est
529 3467 711 3525 reservatum
728 3462 758 3524 in
773 3461 840 3522 loco
853 3461 969 3522 tantum
984 3459 1038 3521 do·

81 3539 186 3614 ntctlti,
201 3553 231 3607 et
244 3552 333 3622 tunc,
346 3550 430 3627 Juxta
444 3553 705 3611 cornmunr'ssr'mom
719 3559 749 3611 et
762 3553 902 3610 veriorem
918 3557 1038 3607 senten-

83 3633 159 3706 tnru,
174 3637 348 3723 peregrinus
361 3638 473 3702 absolvi
489 3646 585 3726 polest
597 3642 615 3706 b
629 3637 758 3720 simplici
773 3636 955 3719 approbato;
971 3631 1039 3708 quie
