2534 3996
993 219 1055 274 4ου

454 288 542 336 stass
562 287 680 340 PRllwss.

90 381 251 460 timor·orit;
268 403 340 450 nam
353 385 428 450 illud
443 405 505 450 non
520 386 645 471 impedit
665 389 830 473 quominus
843 405 909 452 sese
922 388 1060 471 religioni

89 469 226 535 dedicent
236 475 359 539 Jesuitae
373 477 563 552 Scholastioi,
580 479 619 541 ita
635 485 687 556 ut,
702 485 878 561 acceptante
893 477 1060 562 Religionc,

90 561 125 624 de
146 562 252 644 seipsis
274 563 407 647 legitime
426 585 487 628 non
507 565 622 648 possint
642 568 772 650 empliirs
785 568 957 650 disponere.
981 567 1062 650 Ergo

87 649 112 715 si
127 657 191 713 vota
206 670 312 715 eorum
328 673 390 716 non
405 656 466 718 sint
478 656 637 732 solemnia,
651 657 689 720 ad
703 655 762 720 boo
776 675 839 720 non
853 657 1007 723 sufficiunt
1015 657 1063 720 sul

91 739 206 804 traditio
219 749 249 804 et
263 743 342 806 illius
356 743 524 808 traditionis
537 745 712 828 acceptatio.

128 829 286 912 Praeterea,
311 831 390 913 ideo,
412 833 498 914 justa
519 834 703 912 Themistas,
726 833 845 899 traditio
866 835 914 900 sul
932 840 962 899 et
984 834 1064 899 lllius

90 918 254 1002 acceptatio
263 921 481 1005 professionem
490 924 660 1007 religiosam
671 925 864 1002 comitantes,
876 923 1065 1008 subsequens

91 1009 316 1090 matrimonium
330 1011 490 1089 dirimunt,
506 1019 536 1075 et
545 1011 672 1094 proinde
687 1012 800 1077 iaciunt
813 1011 896 1096 qndd
909 1021 1013 1077 votum
1027 1014 1065 1076 sit

90 1098 240 1172 solemne,
257 1102 328 1182 qrria
338 1121 386 1164 res
398 1101 451 1166 uni
465 1101 575 1165 datast
589 1101 627 1164 ab
636 1120 673 1166 eo
687 1108 839 1185 acceptata
856 1120 918 1166 non
933 1102 1065 1184 ampliirs

89 1188 185 1251 aalide
200 1197 295 1271 potest
308 1192 392 1254 alteri
406 1191 487 1270 dari;
503 1192 556 1254 sed
571 1191 620 1254 illa
634 1192 710 1255 ratio
724 1211 786 1255 uon
801 1197 847 1256 est
862 1191 1062 1255 convincens:

90 1283 122 1341 l⁰
135 1279 204 1360 quia
218 1299 323 1358 nemo,
339 1279 395 1344 nisi
410 1281 530 1344 accedat
540 1283 701 1345 auctoritas
711 1282 848 1364 publica,
861 1281 902 1343 ita
920 1299 953 1344 se
967 1285 1066 1363 potest

90 1368 190 1444 alicui,
199 1370 288 1432 etiam
297 1369 455 1452 Religioni,
464 1369 581 1433 tradere
591 1375 625 1434 ut
634 1367 948 1433 sereddatinhabilem
957 1367 994 1432 ad
1005 1387 1066 1432 ma-

90 1459 283 1536 trimonium,
299 1462 371 1523 edm
383 1463 433 1540 jus
447 1460 631 1523 matrimonii
650 1461 688 1522 sit
704 1463 753 1541 jus
767 1465 882 1522 uaturae
900 1457 937 1520 ad
952 1475 1064 1540 propa-

92 1552 242 1627 gationem
257 1549 376 1630 generis
398 1547 523 1612 humaui
539 1549 723 1622 ordinatum,
740 1567 802 1632 quo
818 1547 948 1630 privatus
962 1547 1066 1627 nequit

92 1653 126 1697 se
149 1637 275 1717 spoliare
300 1657 357 1702 nec
374 1639 412 1701 ab
430 1637 489 1702 alio
504 1639 610 1721 privari
630 1645 747 1721 potest,
767 1635 825 1700 nisi
846 1642 1065 1714 concurrente,

92 1727 197 1805 etjam
210 1725 361 1802 diximus,
374 1723 695 1810 publictauotorltate3
710 1733 740 1790 2⁰
754 1725 824 1810 quia
840 1723 1068 1788 matrimonium

92 1833 155 1877 non
170 1822 215 1878 est
228 1817 471 1898 incompossibile
486 1833 556 1881 cunr
570 1825 639 1880 voto
653 1817 834 1900 Religionis,
850 1819 884 1878 ut
898 1821 977 1897 patet
990 1812 1021 1875 in
1032 1829 1070 1876 eo

91 1907 158 1986 qui,
173 1907 366 1968 matrimonio
384 1901 614 1984 consummato,
634 1914 721 1970 voret
740 1905 927 1988 Religionem
941 1901 980 1966 de
994 1920 1068 1966 con·

90 2011 186 2057 sensu
203 1995 324 2072 uxoris3
347 2013 419 2077 ergo
441 1993 561 2059 traditio
583 1997 631 2061 sul
654 2003 684 2060 et
704 1997 797 2080 ipsius
820 1992 983 2076 acceptatio
1006 2008 1068 2055 non

90 2083 241 2148 dirimunt
265 2083 492 2147 matrimonium
515 2087 703 2169 subsequens
730 2105 767 2149 ex
788 2085 896 2148 natura
918 2083 987 2174 sud,
1012 2099 1069 2145 nec

91 2173 246 2237 sufficiunt
260 2171 386 2256 proinde
400 2181 431 2237 ut
442 2182 544 2238 votum
559 2177 698 2240 eastitatis
712 2176 750 2239 sit
763 2170 910 2238 solemne.

134 2265 215 2346 Ergo
229 2271 365 2346 superest
378 2271 412 2327 ut
424 2263 463 2327 ad
476 2265 534 2328 hoo
546 2267 717 2348 requiratur
730 2262 903 2328 constitutio
916 2257 1068 2340 Ecclesiae,

91 2359 125 2417 ct
152 2351 236 2434 qudd
262 2355 380 2417 tantiam
409 2353 447 2417 sit
474 2353 609 2418 solemne
635 2355 758 2438 quando
785 2351 919 2417 Ecclesia
945 2357 981 2415 ut
1012 2349 1071 2414 talo

92 2443 196 2506 habet.
984 2465 986 2469 ·

135 2537 225 2596 Μ.
248 2535 282 2596 ln
297 2551 430 2616 quonam
445 2531 577 2597 Ecclesia
587 2533 774 2597 constituerit
788 2527 913 2615 precise
927 2527 1072 2592 solemni·

93 2629 188 2686 tatem
198 2621 256 2685 voti
271 2623 480 2688 castitatis‘l—
492 2622 555 2686 Dici
567 2642 629 2684 non
642 2621 733 2685 debet
746 2617 827 2704 qudd
842 2619 925 2681 illam
940 2620 1074 2700 posuerit
1096 2683 1101 2692 ,

95 2714 128 2776 iu
143 2711 244 2794 aliquo
254 2713 314 2775 ritu
324 2711 461 2794 speciali:
476 2713 548 2776 ciam
559 2717 675 2774 exstent
687 2717 754 2774 vota
767 2709 913 2773 solemnis
927 2725 996 2789 quae
1006 2707 1073 2771 sind

96 2802 358 2866 benedictionibus
371 2803 552 2884 specialibus
565 2801 658 2876 liunt,
674 2805 719 2874 ut,
734 2819 762 2862 v.
780 2819 823 2882 g.,
845 2815 913 2880 quae
928 2795 1006 2859 fiunt
1019 2815 1073 2880 per

96 2891 219 2954 tacitam
233 2891 464 2972 professionem
481 2897 603 2954 econtra
617 2889 678 2951 sint
691 2893 758 2951 vota
772 2885 919 2970 simplicia
933 2887 1075 2968 quaesitu

97 2979 185 3043 valde
204 2979 331 3053 solemni
350 2983 538 3043 emittuntur.
560 2978 620 3042 Sed
642 2977 815 3040 solemnitas
830 2977 860 3039 in
881 2993 918 3038 eo
937 2975 992 3038 sita
1009 2995 1075 3039 esse

97 3071 216 3134 videtur
230 3069 311 3152 quot
324 3077 392 3132 vota
405 3070 579 3132 emittantur
593 3068 779 3151 perpetuale
794 3065 949 3148 Religione
963 3084 1074 3146 appro-

97 3161 180 3232 bottt,
196 3160 227 3222 in
242 3163 301 3241 qud
316 3165 521 3240 agnoscuntur
534 3157 769 3235 votasolemnia,
784 3163 814 3220 et
823 3153 933 3219 attalia
943 3153 1078 3236 legitime

98 3249 296 3331 accipiantur.
312 3246 387 3310 Vide
401 3247 550 3324 Carriere,
567 3245 609 3310 De
623 3243 773 3324 Matrim,
791 3253 823 3308 n⁰
834 3249 905 3318 645,
920 3251 977 3306 eto.

141 3343 231 3402 2475.
255 3341 331 3400 Vota
350 3336 602 3401 Scholasticorum
630 3337 662 3399 in
689 3335 835 3400 societate
857 3337 930 3398 lesu
958 3329 1076 3396 irritant

100 3429 227 3512 quidem
248 3427 435 3510 subsequens
452 3425 700 3504 matrimonium,
719 3433 858 3508 utsupra
876 3419 1024 3496 diximus,
1039 3442 1075 3488 cx

100 3517 191 3582 Bulla
213 3515 348 3600 Gregorii
368 3517 448 3595 lllll,
470 3513 647 3579 ascendente
668 3515 794 3578 domino
814 3517 932 3592 (stoan
947 3513 999 3576 sed
1014 3513 1078 3578 hreo

101 3611 149 3671 ris
158 3607 461 3683 accidentaliter,non
471 3606 541 3668 verd
550 3603 697 3679 absolute,
709 3603 881 3684 huiusmodi
889 3603 1081 3666 votisanoec-

103 3695 192 3773 titur,
207 3699 279 3760 carn
292 3699 388 3761 cesset
400 3711 472 3760 casa
486 3711 548 3777 qao
562 3687 698 3776 praedicti
712 3687 885 3760 Scholasttoi
901 3691 918 3752 t
933 3690 1079 3754 societate
