2528 3996
214 263 274 333 aar
436 279 571 332 sauata
590 281 691 330 rorrus
708 282 791 332 tuars
811 282 957 332 cruenter.

216 381 298 444 tiberi
321 379 473 463 regulares
500 379 538 442 nd
563 381 776 464 Episcopaturn
801 382 942 462 promoti.
980 380 1111 458 (Bouix,
1142 379 1199 460 rt.)

254 473 344 534 2873.
366 469 450 532 Idem
467 472 486 534 tr
505 468 618 531 fortiori
633 477 678 532 est
695 469 859 532 <licendum
879 470 902 531 si
924 469 1072 551 regularis
1087 471 1131 532 ad
1148 469 1201 534 he

217 559 359 622 nefroium
378 558 521 622 saeculare
548 565 625 620 esset
647 564 819 640 promotus,
849 557 906 620 nisi
934 558 1019 620 aliter
1040 565 1198 622 statutum

215 648 305 712 luerit
327 649 501 732 inproprie
522 647 691 710 Institutoa
710 647 788 710 Sede
811 645 980 729 Apostolict
1002 647 1195 728 approbato,

215 745 305 822 prout
314 739 345 801 in
359 737 461 800 multis
474 737 576 800 statuit
588 735 668 799 Ordo
682 735 1027 811 Praernonstratansiurn;
1045 753 1109 800 nec
1125 747 1199 801 tune

216 833 335 892 tenetur
343 827 471 890 vicarius
485 832 607 888 curatus
621 825 733 888 habero
747 825 875 888 socium.

254 916 345 980 2874.
366 918 401 977 ln
415 913 549 977 secundo
562 932 651 993 casu,
667 933 729 996 quo
743 913 854 977 scilicet
868 913 1018 996 parochia
1032 921 1196 980 monaste-

215 1005 268 1066 riis
288 1021 351 1066 non
371 1009 441 1066 sunt
468 1003 582 1077 unite,
615 1001 669 1066 sed
693 1008 763 1066 sunt
784 1001 910 1066 omnino
937 1001 1125 1080 saeculares,
1158 1006 1197 1068 nd

216 1109 267 1155 eas
276 1092 361 1169 olim,
372 1093 463 1154 etiam
478 1097 545 1174 post
557 1091 779 1168 tridentinum,
794 1097 932 1174 poterant
940 1091 1096 1173 regulares
1105 1094 1195 1176 eligi,

216 1182 354 1263 quamvis
376 1199 439 1244 non
467 1181 505 1244 ad
532 1187 641 1245 caetera
666 1181 812 1244 beneficia
839 1181 993 1244 secularia
1015 1183 1195 1264 simplicia:

216 1270 363 1334 Clement.
380 1271 456 1347 Ouia
472 1271 636 1354 reputares,
653 1269 686 1332 dc
699 1269 859 1352 supplendo
878 1270 1059 1352 aapliperatiai
1076 1273 1197 1348 Proel.,·

216 1359 269 1422 sed
287 1358 376 1421 boalia
394 1360 521 1424 ornninb
539 1367 656 1423 certum
676 1365 721 1421 est
740 1359 809 1438 jure
826 1359 982 1421 communi
1004 1358 1085 1421 haud
1103 1381 1197 1443 posse

216 1447 386 1530 hujusmodl
404 1448 569 1530 parochias,
585 1448 698 1528 absque
712 1445 934 1526 dispensatione
946 1447 1048 1528 Papae,
1068 1451 1196 1530 regula·

218 1535 300 1600 ribus
311 1537 458 1615 conterri;
475 1537 547 1600 illud
561 1542 677 1598 constat
690 1553 727 1596 cx
741 1534 878 1616 pluribus
892 1537 924 1597 S.
944 1536 1055 1616 Gongr.
1071 1537 1193 1601 Concil.

216 1625 485 1702 declarationibus,
515 1625 601 1688 Sedis
628 1623 805 1706 Apostolica
833 1624 1008 1686 auctoritate
1034 1623 1193 1690 firmatis:

221 1737 236 1775 u
256 1715 389 1778 Celebris
398 1714 579 1796 jarurludum
592 1719 639 1776 est
651 1712 863 1786 controversia,
881 1713 979 1793 inquit
992 1712 1109 1775 Bened.
1126 1719 1195 1778 xlv

218 1827 232 1864 a
254 1804 389 1882 (Constit.
407 1803 488 1880 Quod
505 1799 811 1880 inscrutabili,9julii
827 1805 927 1878 1745),
938 1819 978 1862 an
988 1802 1138 1865 canonici
1150 1823 1195 1866 re·

217 1915 232 1952 a
258 1893 376 1973 gulares
390 1891 506 1972 (idcina
523 1891 636 1952 fortiori
644 1897 689 1951 est
697 1887 905 1952 dicendumde
915 1889 981 1950 aliis
989 1890 1193 1970 regularibus)

218 2003 232 2041 a
257 1999 381 2062 capaces
400 1979 460 2042 sint
479 1979 633 2042 obtinendi
648 1983 679 2040 ct
692 1977 840 2040 retinendi
855 1977 1013 2060 parochias
1029 1981 1193 2045 saeculares

217 2090 232 2128 a
257 2068 370 2150 absque
385 2067 503 2130 indulto
512 2070 535 2130 Α
538 2067 728 2149 ροετοὶἰεο...;
746 2067 826 2146 saepe
835 2083 1015 2147 responsum
1028 2073 1073 2128 est
1084 2069 1194 2152 αὸεφιε

217 2179 231 2215 a
256 2156 423 2237 Apostoliao
445 2155 564 2218 Indutto
589 2155 626 2218 ad
649 2155 808 2217 saeculares
836 2153 992 2235 parochias
1018 2161 1191 2236 promoueri

217 2267 232 2304 a
257 2263 318 2306 non
333 2261 432 2325 posse.
447 2243 651 2326 ltarcspondit
663 2245 773 2324 Congr.
789 2243 894 2318 Cone,
906 2259 987 2304 anno
1001 2246 1092 2320 laub
1109 2247 1191 2325 ejue

218 2355 233 2392 a
258 2349 317 2414 que
331 2349 510 2413 responsum
524 2333 721 2414 approbatum
740 2331 825 2393 tulta
846 2331 990 2412 Gregorio
1003 2333 1081 2394 Xlll.
1096 2354 1115 2392 n
1134 2337 1191 2397 Pro

218 2421 284 2484 aliis
298 2419 496 2502 regularibus,
511 2421 578 2482 virle
592 2419 665 2482 alias
684 2419 906 2482 Declarationes
925 2418 1020 2498 eJ'usd.
1036 2421 1190 2504 congreg.

217 2509 298 2593 apud
320 2511 356 2571 b.
374 2509 469 2571 Bouix
483 2507 538 2587 (De
552 2507 670 2589 Rapui„
687 2512 762 2570 tom.
783 2513 817 2584 2,
832 2526 864 2589 p.
883 2509 984 2587 tiballi)
999 2508 1052 2589 qui
1067 2509 1109 2571 ait
1125 2529 1192 2574 rem

217 2617 282 2662 esse
293 2597 381 2660 bodie
391 2605 475 2660 extra
485 2614 609 2659 onrnenr
622 2597 867 2658 controuersiam.
1074 2621 1080 2636 ·

256 2691 346 2750 2875.
378 2684 553 2768 Excipiendi
583 2693 652 2747 sunt
679 2691 781 2747 lernen
812 2686 1115 2750 Pramonstratenses
1138 2691 1192 2772 qui

218 2776 329 2839 babent
350 2775 540 2857 priuilegium
560 2774 696 2855 regimen
720 2773 929 2854 parochiarum
952 2774 1191 2856 suscipiendi,a

219 2866 331 2927 bened.
345 2866 409 2927 XlV
423 2863 652 2936 confirmatum,
662 2862 694 2924 in
703 2863 827 2924 Constit.
838 2861 962 2924 Oauuso
976 2867 991 2924 t
1004 2871 1081 2944 sept.
1099 2869 1190 2944 1750,

219 2952 268 3016 ubi
283 2953 412 3016 elicitur:
431 2973 448 3012 a
468 2950 804 3014 Praemonstratensibus
823 2950 997 3012 conceditur
1015 2963 1052 3013 ex
1073 2951 1191 3036 integro

217 3064 233 3100 a
259 3039 447 3122 priuilegium
465 3038 643 3122 assequendi
667 3045 697 3100 et
716 3038 863 3102 retinendi
878 3056 1088 3120 quascumque
1101 3059 1190 3123 paro·

217 3151 233 3188 a
258 3129 369 3190 clrinlos
391 3127 533 3190 ecelesias
546 3135 576 3190 et
588 3127 729 3205 vicarias,
742 3133 804 3188 tani
825 3126 983 3190 saeoulucs
995 3129 1091 3209 quam
1104 3147 1191 3212 regu

217 3239 233 3278 ι
259 3235 316 3287 rea,
333 3214 437 3297 ubsque
449 3214 660 3297 dispensatione
673 3215 852 3298 Apostoliori.
870 3237 887 3276 a

259 3309 349 3367 bittit.
372 3303 513 3384 lleligiosi
527 3309 595 3366 vota
608 3303 756 3386 simplicia
770 3305 958 3382 emittentes,
973 3322 1036 3368 non
1050 3305 1190 3370 ridentur

219 3391 331 3456 includi
359 3391 416 3456 sub
438 3391 638 3474 prohibitione
660 3392 825 3475 accipiendi
855 3392 1014 3456 saculares
1034 3395 1189 3475 parochias

220 3480 333 3562 absque
347 3479 465 3561 ludulto
481 3478 658 3542 Pontificior
673 3479 744 3562 quia
757 3480 823 3544 haec
837 3479 997 3562 prohibitio
1018 3489 1123 3564 utpote
1136 3501 1188 3544 an·

220 3567 313 3648 tiquae
326 3567 469 3631 libertatis
482 3567 656 3646 restrictiva,
671 3571 771 3632 stricta
785 3568 1046 3650 cointelligentia,
1064 3570 1189 3651 proindt

220 3653 258 3716 cta
271 3655 341 3718 solis
354 3655 541 3737 regularibus
550 3654 583 3716 in
597 3672 688 3719 sensu
702 3656 841 3721 strictiori
853 3656 956 3734 dictis,
971 3673 1025 3718 seu
1042 3659 1188 3720 solemnia
