<?xml version="1.0" encoding="UTF-8"?>
<!DOCTYPE html PUBLIC "-//W3C//DTD XHTML 1.0 Transitional//EN"
    "http://www.w3.org/TR/xhtml1/DTD/xhtml1-transitional.dtd">
<html xmlns="http://www.w3.org/1999/xhtml" xml:lang="en" lang="en">
 <head>
  <title>
</title>
<meta http-equiv="Content-Type" content="text/html;charset=utf-8" />
  <meta name='ocr-system' content='tesseract 3.04.00' />
  <meta name='ocr-capabilities' content='ocr_page ocr_carea ocr_par ocr_line ocrx_word'/>
</head>
<body>
  <div class='ocr_page' id='page_1' title='image "./manualetotiusju01craigoog_0231.png"; bbox 0 0 2522 4028; ppageno 0'>
   <div class='ocr_carea' id='block_1_1' title="bbox 214 285 1186 477">
    <p class='ocr_par' dir='ltr' id='par_1_1' title="bbox 214 285 1186 477">
     <span class='ocr_line' id='line_1_1' title="bbox 215 285 986 346; baseline -0.003 -3"><span class='ocrx_word' id='word_1_1' title='bbox 215 285 274 343; x_wconf 70' lang='lat'>222</span> <span class='ocrx_word' id='word_1_2' title='bbox 454 301 592 346; x_wconf 79' lang='lat' dir='ltr'>uanuaur</span> <span class='ocrx_word' id='word_1_3' title='bbox 612 299 713 346; x_wconf 83' lang='lat' dir='ltr'>rarius</span> <span class='ocrx_word' id='word_1_4' title='bbox 733 298 818 344; x_wconf 80' lang='lat' dir='ltr'>runis</span> <span class='ocrx_word' id='word_1_5' title='bbox 839 295 986 344; x_wconf 79' lang='lat' dir='ltr'>canonici.</span> 
     </span>
     <span class='ocr_line' id='line_1_2' title="bbox 214 391 1186 477; baseline -0.002 -21"><span class='ocrx_word' id='word_1_6' title='bbox 214 395 289 468; x_wconf 86' lang='lat' dir='ltr'>dos,</span> <span class='ocrx_word' id='word_1_7' title='bbox 305 413 342 458; x_wconf 89' lang='lat' dir='ltr'>ex</span> <span class='ocrx_word' id='word_1_8' title='bbox 354 413 421 477; x_wconf 84' lang='lat' dir='ltr'>cap.</span> <span class='ocrx_word' id='word_1_9' title='bbox 439 395 517 458; x_wconf 82' lang='lat' dir='ltr'>Sunt</span> <span class='ocrx_word' id='word_1_10' title='bbox 530 401 561 470; x_wconf 82' lang='grc'>1,</span> <span class='ocrx_word' id='word_1_11' title='bbox 577 395 612 458; x_wconf 87' lang='lat' dir='ltr'>dc</span> <span class='ocrx_word' id='word_1_12' title='bbox 625 396 726 458; x_wconf 79' lang='lat' dir='ltr'>cleric.</span> <span class='ocrx_word' id='word_1_13' title='bbox 743 395 873 477; x_wconf 58' lang='lat' dir='ltr'>conjug„</span> <span class='ocrx_word' id='word_1_14' title='bbox 888 401 919 457; x_wconf 89' lang='lat' dir='ltr'>et</span> <span class='ocrx_word' id='word_1_15' title='bbox 932 413 999 476; x_wconf 88' lang='lat' dir='ltr'>cap.</span> <span class='ocrx_word' id='word_1_16' title='bbox 1016 393 1074 470; x_wconf 75' lang='lat' dir='ltr'>Qut</span> <span class='ocrx_word' id='word_1_17' title='bbox 1089 391 1186 456; x_wconf 79' lang='lat' dir='ltr'>cleric.</span> 
     </span>
    </p>
   </div>
   <div class='ocr_carea' id='block_1_2' title="bbox 213 483 1192 1010">
    <p class='ocr_par' dir='ltr' id='par_1_2' title="bbox 213 483 1189 745">
     <span class='ocr_line' id='line_1_3' title="bbox 216 483 1189 564; baseline -0.002 -20"><span class='ocrx_word' id='word_1_18' title='bbox 216 484 261 544; x_wconf 84' lang='lat' dir='ltr'>ccl</span> <span class='ocrx_word' id='word_1_19' title='bbox 280 502 343 546; x_wconf 82' lang='lat' dir='ltr'>unc.</span> <span class='ocrx_word' id='word_1_20' title='bbox 363 505 370 545; x_wconf 78' lang='lat' dir='ltr'>r</span> <span class='ocrx_word' id='word_1_21' title='bbox 394 492 423 546; x_wconf 92' lang='lat' dir='ltr'>et</span> <span class='ocrx_word' id='word_1_22' title='bbox 440 485 498 548; x_wconf 90' lang='lat' dir='ltr'>hoc</span> <span class='ocrx_word' id='word_1_23' title='bbox 516 485 610 547; x_wconf 90' lang='lat' dir='ltr'>currit</span> <span class='ocrx_word' id='word_1_24' title='bbox 628 485 745 548; x_wconf 87' lang='lat' dir='ltr'>etiamsi</span> <span class='ocrx_word' id='word_1_25' title='bbox 767 486 883 547; x_wconf 85' lang='lat' dir='ltr'>crimen</span> <span class='ocrx_word' id='word_1_26' title='bbox 903 483 992 546; x_wconf 82' lang='lat' dir='ltr'>fuerit</span> <span class='ocrx_word' id='word_1_27' title='bbox 1010 483 1189 564; x_wconf 86' lang='lat' dir='ltr'>publicum:</span> 
     </span>
     <span class='ocr_line' id='line_1_4' title="bbox 213 571 1189 658; baseline -0.001 -23"><span class='ocrx_word' id='word_1_28' title='bbox 213 571 1189 658; x_wconf 79' lang='lat' dir='ltr'>quiahaecirregularitasnonprovenitexdalicto‚sedcxdefectu.</span> 
     </span>
     <span class='ocr_line' id='line_1_5' title="bbox 214 663 736 745; baseline 0.002 -21"><span class='ocrx_word' id='word_1_29' title='bbox 214 695 253 708; x_wconf 55' lang='grc'>*-</span> <span class='ocrx_word' id='word_1_30' title='bbox 268 664 314 742; x_wconf 86' lang='lat' dir='ltr'>(S.</span> <span class='ocrx_word' id='word_1_31' title='bbox 330 664 464 744; x_wconf 71' lang='lat' dir='ltr'>Lignor„</span> <span class='ocrx_word' id='word_1_32' title='bbox 483 663 531 725; x_wconf 89' lang='lat' dir='ltr'>lib.</span> <span class='ocrx_word' id='word_1_33' title='bbox 549 668 589 736; x_wconf 79' lang='lat'>7,</span> <span class='ocrx_word' id='word_1_34' title='bbox 605 673 638 724; x_wconf 81' lang='lat' dir='ltr'>n⁰</span> <span class='ocrx_word' id='word_1_35' title='bbox 653 665 736 745; x_wconf 71' lang='lat'><strong>452.)</strong></span> 
     </span>
    </p>

    <p class='ocr_par' dir='ltr' id='par_1_3' title="bbox 215 749 1192 1010">
     <span class='ocr_line' id='line_1_6' title="bbox 256 749 1192 835; baseline -0.001 -23"><span class='ocrx_word' id='word_1_36' title='bbox 256 755 344 814; x_wconf 78' lang='grc'><strong>1901.</strong></span> <span class='ocrx_word' id='word_1_37' title='bbox 366 755 458 812; x_wconf 67' lang='grc'>--11</span> <span class='ocrx_word' id='word_1_38' title='bbox 480 752 595 814; x_wconf 78' lang='lat' dir='ltr'>Praelati</span> <span class='ocrx_word' id='word_1_39' title='bbox 604 759 704 814; x_wconf 84' lang='lat' dir='ltr'>autern</span> <span class='ocrx_word' id='word_1_40' title='bbox 717 751 870 834; x_wconf 80' lang='lat' dir='ltr'>regulares</span> <span class='ocrx_word' id='word_1_41' title='bbox 879 757 1005 835; x_wconf 89' lang='lat' dir='ltr'>possunt</span> <span class='ocrx_word' id='word_1_42' title='bbox 1014 749 1192 830; x_wconf 81' lang='lat' dir='ltr'>dispensare</span> 
     </span>
     <span class='ocr_line' id='line_1_7' title="bbox 216 839 1190 924; baseline 0 -25"><span class='ocrx_word' id='word_1_43' title='bbox 216 857 284 902; x_wconf 85' lang='lat' dir='ltr'>curn</span> <span class='ocrx_word' id='word_1_44' title='bbox 302 840 364 901; x_wconf 87' lang='lat' dir='ltr'>suis</span> <span class='ocrx_word' id='word_1_45' title='bbox 378 839 504 902; x_wconf 84' lang='lat' dir='ltr'>subditis</span> <span class='ocrx_word' id='word_1_46' title='bbox 519 841 648 902; x_wconf 88' lang='lat' dir='ltr'>inomni</span> <span class='ocrx_word' id='word_1_47' title='bbox 664 841 808 923; x_wconf 77' lang='lat' dir='ltr'>Bigamia,</span> <span class='ocrx_word' id='word_1_48' title='bbox 825 859 862 904; x_wconf 84' lang='lat' dir='ltr'>cx</span> <span class='ocrx_word' id='word_1_49' title='bbox 876 839 1031 924; x_wconf 77' lang='lat' dir='ltr'>privilegia</span> <span class='ocrx_word' id='word_1_50' title='bbox 1045 839 1122 901; x_wconf 76' lang='lat' dir='ltr'>sixti</span> <span class='ocrx_word' id='word_1_51' title='bbox 1142 840 1190 900; x_wconf 86' lang='lat' dir='ltr'>ill.</span> 
     </span>
     <span class='ocr_line' id='line_1_8' title="bbox 215 928 676 1010; baseline 0.009 -22"><span class='ocrx_word' id='word_1_52' title='bbox 215 929 257 1003; x_wconf 81' lang='lat' dir='ltr'>(S.</span> <span class='ocrx_word' id='word_1_53' title='bbox 274 929 409 1010; x_wconf 71' lang='lat' dir='ltr'>Lignea,</span> <span class='ocrx_word' id='word_1_54' title='bbox 427 928 478 990; x_wconf 92' lang='lat' dir='ltr'>lib.</span> <span class='ocrx_word' id='word_1_55' title='bbox 493 933 528 1004; x_wconf 83' lang='grc'>1,</span> <span class='ocrx_word' id='word_1_56' title='bbox 545 937 579 990; x_wconf 81' lang='lat' dir='ltr'>n⁶</span> <span class='ocrx_word' id='word_1_57' title='bbox 592 933 676 1008; x_wconf 82' lang='grc'><strong>153.)</strong></span> 
     </span>
    </p>
   </div>
   <div class='ocr_carea' id='block_1_3' title="bbox 326 1101 1076 1290">
    <p class='ocr_par' dir='ltr' id='par_1_4' title="bbox 326 1101 1076 1290">
     <span class='ocr_line' id='line_1_9' title="bbox 585 1101 800 1162; baseline -0.005 -2"><span class='ocrx_word' id='word_1_58' title='bbox 585 1101 740 1162; x_wconf 76' lang='lat' dir='ltr'>nuncnunc</span> <span class='ocrx_word' id='word_1_59' title='bbox 759 1103 800 1160; x_wconf 81' lang='lat' dir='ltr'>vt.</span> 
     </span>
     <span class='ocr_line' id='line_1_10' title="bbox 326 1238 1076 1290; baseline 0.001 -5"><span class='ocrx_word' id='word_1_60' title='bbox 326 1238 364 1285; x_wconf 80' lang='lat' dir='ltr'>nr</span> <span class='ocrx_word' id='word_1_61' title='bbox 384 1239 639 1286; x_wconf 78' lang='lat' dir='ltr'>rannaunannars</span> <span class='ocrx_word' id='word_1_62' title='bbox 660 1240 698 1286; x_wconf 78' lang='lat' dir='ltr'>ux</span> <span class='ocrx_word' id='word_1_63' title='bbox 718 1241 850 1288; x_wconf 82' lang='lat' dir='ltr'>nusncru</span> <span class='ocrx_word' id='word_1_64' title='bbox 871 1241 955 1290; x_wconf 78' lang='lat' dir='ltr'>nunu</span> <span class='ocrx_word' id='word_1_65' title='bbox 975 1239 1076 1288; x_wconf 71' lang='lat' dir='ltr'>raus.</span> 
     </span>
    </p>
   </div>
   <div class='ocr_carea' id='block_1_4' title="bbox 215 1377 1191 2881">
    <p class='ocr_par' dir='ltr' id='par_1_5' title="bbox 215 1377 1191 1729">
     <span class='ocr_line' id='line_1_11' title="bbox 254 1377 1190 1461; baseline -0.002 -21"><span class='ocrx_word' id='word_1_66' title='bbox 254 1381 341 1442; x_wconf 86' lang='grc'><strong>1908.</strong></span> <span class='ocrx_word' id='word_1_67' title='bbox 365 1381 437 1442; x_wconf 79' lang='lat' dir='ltr'>llaec</span> <span class='ocrx_word' id='word_1_68' title='bbox 457 1379 659 1461; x_wconf 73' lang='lat' dir='ltr'>irregularitas</span> <span class='ocrx_word' id='word_1_69' title='bbox 672 1379 772 1461; x_wconf 83' lang='lat' dir='ltr'>patius</span> <span class='ocrx_word' id='word_1_70' title='bbox 786 1398 822 1442; x_wconf 80' lang='lat' dir='ltr'>ex</span> <span class='ocrx_word' id='word_1_71' title='bbox 837 1378 953 1442; x_wconf 81' lang='lat' dir='ltr'>defectu</span> <span class='ocrx_word' id='word_1_72' title='bbox 969 1380 1061 1460; x_wconf 78' lang='lat' dir='ltr'>quarn</span> <span class='ocrx_word' id='word_1_73' title='bbox 1084 1396 1123 1443; x_wconf 80' lang='lat' dir='ltr'>ex</span> <span class='ocrx_word' id='word_1_74' title='bbox 1139 1377 1190 1439; x_wconf 87' lang='lat' dir='ltr'>de-</span> 
     </span>
     <span class='ocr_line' id='line_1_12' title="bbox 216 1466 1191 1549; baseline -0.002 -21"><span class='ocrx_word' id='word_1_75' title='bbox 216 1467 285 1531; x_wconf 88' lang='lat' dir='ltr'>licto</span> <span class='ocrx_word' id='word_1_76' title='bbox 298 1469 396 1531; x_wconf 83' lang='lat' dir='ltr'>vocari</span> <span class='ocrx_word' id='word_1_77' title='bbox 410 1469 592 1540; x_wconf 79' lang='lat' dir='ltr'>debetcum</span> <span class='ocrx_word' id='word_1_78' title='bbox 607 1469 729 1530; x_wconf 77' lang='lat' dir='ltr'>infamia</span> <span class='ocrx_word' id='word_1_79' title='bbox 740 1487 801 1530; x_wconf 88' lang='lat' dir='ltr'>non</span> <span class='ocrx_word' id='word_1_80' title='bbox 812 1470 848 1530; x_wconf 91' lang='lat' dir='ltr'>sit</span> <span class='ocrx_word' id='word_1_81' title='bbox 860 1467 941 1530; x_wconf 89' lang='lat' dir='ltr'>aliud</span> <span class='ocrx_word' id='word_1_82' title='bbox 952 1471 1043 1549; x_wconf 78' lang='lat' dir='ltr'>quam</span> <span class='ocrx_word' id='word_1_83' title='bbox 1054 1466 1191 1528; x_wconf 83' lang='lat' dir='ltr'>delectus</span> 
     </span>
     <span class='ocr_line' id='line_1_13' title="bbox 215 1556 1190 1638; baseline -0.006 -17"><span class='ocrx_word' id='word_1_84' title='bbox 215 1557 302 1621; x_wconf 76' lang='lat' dir='ltr'>bonae</span> <span class='ocrx_word' id='word_1_85' title='bbox 322 1557 424 1635; x_wconf 80' lang='lat' dir='ltr'>lamae,</span> <span class='ocrx_word' id='word_1_86' title='bbox 443 1563 474 1621; x_wconf 89' lang='lat' dir='ltr'>et</span> <span class='ocrx_word' id='word_1_87' title='bbox 495 1559 665 1620; x_wconf 72' lang='lat' dir='ltr'>incurratur</span> <span class='ocrx_word' id='word_1_88' title='bbox 678 1559 710 1618; x_wconf 94' lang='lat' dir='ltr'>in</span> <span class='ocrx_word' id='word_1_89' title='bbox 733 1556 914 1638; x_wconf 80' lang='lat' dir='ltr'>quibusdam</span> <span class='ocrx_word' id='word_1_90' title='bbox 928 1557 1046 1618; x_wconf 81' lang='lat' dir='ltr'>casibus</span> <span class='ocrx_word' id='word_1_91' title='bbox 1059 1556 1115 1616; x_wconf 90' lang='lat' dir='ltr'>ubi</span> <span class='ocrx_word' id='word_1_92' title='bbox 1131 1573 1190 1616; x_wconf 91' lang='lat' dir='ltr'>non</span> 
     </span>
     <span class='ocr_line' id='line_1_14' title="bbox 215 1644 1110 1729; baseline -0.004 -20"><span class='ocrx_word' id='word_1_93' title='bbox 215 1653 260 1709; x_wconf 84' lang='lat' dir='ltr'>est</span> <span class='ocrx_word' id='word_1_94' title='bbox 272 1647 414 1710; x_wconf 82' lang='lat' dir='ltr'>delicium</span> <span class='ocrx_word' id='word_1_95' title='bbox 431 1648 598 1729; x_wconf 83' lang='lat' dir='ltr'>proprium.</span> <span class='ocrx_word' id='word_1_96' title='bbox 613 1647 696 1707; x_wconf 88' lang='lat' dir='ltr'>ltaS.</span> <span class='ocrx_word' id='word_1_97' title='bbox 714 1646 831 1726; x_wconf 79' lang='lat' dir='ltr'>ligucr.</span> <span class='ocrx_word' id='word_1_98' title='bbox 850 1644 911 1724; x_wconf 82' lang='lat' dir='ltr'>(lib.</span> <span class='ocrx_word' id='word_1_99' title='bbox 927 1649 966 1718; x_wconf 86' lang='grc'>’1,</span> <span class='ocrx_word' id='word_1_100' title='bbox 983 1647 1110 1724; x_wconf 66' lang='lat' dir='ltr'>malit).</span> 
     </span>
    </p>

    <p class='ocr_par' dir='ltr' id='par_1_6' title="bbox 215 1733 1190 1906">
     <span class='ocr_line' id='line_1_15' title="bbox 256 1733 1190 1817; baseline -0.002 -21"><span class='ocrx_word' id='word_1_101' title='bbox 256 1740 344 1800; x_wconf 88' lang='grc'><strong>1909.</strong></span> <span class='ocrx_word' id='word_1_102' title='bbox 367 1737 485 1817; x_wconf 81' lang='lat' dir='ltr'>Duplex</span> <span class='ocrx_word' id='word_1_103' title='bbox 506 1734 698 1815; x_wconf 84' lang='lat' dir='ltr'>distinguitur</span> <span class='ocrx_word' id='word_1_104' title='bbox 719 1735 873 1796; x_wconf 82' lang='lat' dir='ltr'>iufamia:</span> <span class='ocrx_word' id='word_1_105' title='bbox 900 1733 958 1796; x_wconf 89' lang='lat' dir='ltr'>alia</span> <span class='ocrx_word' id='word_1_106' title='bbox 975 1733 1070 1814; x_wconf 80' lang='lat' dir='ltr'>juris,</span> <span class='ocrx_word' id='word_1_107' title='bbox 1098 1733 1190 1796; x_wconf 85' lang='lat' dir='ltr'>altera</span> 
     </span>
     <span class='ocr_line' id='line_1_16' title="bbox 215 1825 303 1906; baseline -0.011 -20"><span class='ocrx_word' id='word_1_108' title='bbox 215 1825 303 1906; x_wconf 79' lang='lat' dir='ltr'>facti.</span> 
     </span>
    </p>

    <p class='ocr_par' dir='ltr' id='par_1_7' title="bbox 215 1911 1190 2881">
     <span class='ocr_line' id='line_1_17' title="bbox 259 1911 1186 1994; baseline 0 -23"><span class='ocrx_word' id='word_1_109' title='bbox 259 1936 274 1971; x_wconf 76' lang='lat' dir='ltr'>a</span> <span class='ocrx_word' id='word_1_110' title='bbox 295 1913 419 1975; x_wconf 80' lang='lat' dir='ltr'>Infamia</span> <span class='ocrx_word' id='word_1_111' title='bbox 427 1911 512 1992; x_wconf 82' lang='lat' dir='ltr'>juris</span> <span class='ocrx_word' id='word_1_112' title='bbox 525 1931 561 1974; x_wconf 87' lang='lat' dir='ltr'>ea</span> <span class='ocrx_word' id='word_1_113' title='bbox 573 1917 629 1984; x_wconf 81' lang='lat' dir='ltr'>est,</span> <span class='ocrx_word' id='word_1_114' title='bbox 645 1913 744 1994; x_wconf 86' lang='lat' dir='ltr'>inquit</span> <span class='ocrx_word' id='word_1_115' title='bbox 758 1913 850 1975; x_wconf 85' lang='lat' dir='ltr'>Callet</span> <span class='ocrx_word' id='word_1_116' title='bbox 863 1911 961 1992; x_wconf 77' lang='lat' dir='ltr'>(Cura.</span> <span class='ocrx_word' id='word_1_117' title='bbox 976 1912 1095 1993; x_wconf 74' lang='lat' dir='ltr'>campa,</span> <span class='ocrx_word' id='word_1_118' title='bbox 1113 1919 1186 1973; x_wconf 86' lang='lat' dir='ltr'>torn.</span> 
     </span>
     <span class='ocr_line' id='line_1_18' title="bbox 215 2000 1190 2084; baseline -0.003 -22"><span class='ocrx_word' id='word_1_119' title='bbox 215 2024 230 2062; x_wconf 84' lang='lat' dir='ltr'>r</span> <span class='ocrx_word' id='word_1_120' title='bbox 256 2005 304 2072; x_wconf 83' lang='grc'>17,</span> <span class='ocrx_word' id='word_1_121' title='bbox 320 2001 377 2063; x_wconf 91' lang='lat' dir='ltr'>col.</span> <span class='ocrx_word' id='word_1_122' title='bbox 395 2001 474 2082; x_wconf 76' lang='lat' dir='ltr'>aaa),</span> <span class='ocrx_word' id='word_1_123' title='bbox 490 2020 559 2083; x_wconf 85' lang='lat' dir='ltr'>quae</span> <span class='ocrx_word' id='word_1_124' title='bbox 572 2001 768 2078; x_wconf 79' lang='lat' dir='ltr'>contrahitur,</span> <span class='ocrx_word' id='word_1_125' title='bbox 784 2020 837 2064; x_wconf 91' lang='lat' dir='ltr'>seu</span> <span class='ocrx_word' id='word_1_126' title='bbox 851 2019 904 2084; x_wconf 85' lang='lat' dir='ltr'>per</span> <span class='ocrx_word' id='word_1_127' title='bbox 917 2001 1100 2064; x_wconf 84' lang='lat' dir='ltr'>sententiam</span> <span class='ocrx_word' id='word_1_128' title='bbox 1112 2000 1190 2079; x_wconf 74' lang='lat' dir='ltr'>iudi-</span> 
     </span>
     <span class='ocr_line' id='line_1_19' title="bbox 216 2087 1188 2171; baseline -0.002 -21"><span class='ocrx_word' id='word_1_129' title='bbox 216 2113 231 2150; x_wconf 74' lang='grc'>»</span> <span class='ocrx_word' id='word_1_130' title='bbox 255 2091 298 2152; x_wconf 89' lang='lat' dir='ltr'>cis</span> <span class='ocrx_word' id='word_1_131' title='bbox 313 2090 538 2152; x_wconf 83' lang='lat' dir='ltr'>declaratcriam</span> <span class='ocrx_word' id='word_1_132' title='bbox 552 2097 604 2152; x_wconf 88' lang='lat' dir='ltr'>aut</span> <span class='ocrx_word' id='word_1_133' title='bbox 616 2089 819 2166; x_wconf 81' lang='lat' dir='ltr'>definitivam,</span> <span class='ocrx_word' id='word_1_134' title='bbox 835 2109 889 2152; x_wconf 89' lang='lat' dir='ltr'>scu</span> <span class='ocrx_word' id='word_1_135' title='bbox 906 2107 960 2171; x_wconf 87' lang='lat' dir='ltr'>per</span> <span class='ocrx_word' id='word_1_136' title='bbox 971 2088 1136 2168; x_wconf 88' lang='lat' dir='ltr'>juridicam</span> <span class='ocrx_word' id='word_1_137' title='bbox 1149 2087 1188 2149; x_wconf 83' lang='lat' dir='ltr'>rei</span> 
     </span>
     <span class='ocr_line' id='line_1_20' title="bbox 215 2177 1190 2260; baseline -0.001 -22"><span class='ocrx_word' id='word_1_138' title='bbox 215 2202 230 2238; x_wconf 76' lang='lat' dir='ltr'>a</span> <span class='ocrx_word' id='word_1_139' title='bbox 256 2179 528 2256; x_wconf 80' lang='lat' dir='ltr'>consessionem...;</span> <span class='ocrx_word' id='word_1_140' title='bbox 547 2177 672 2241; x_wconf 78' lang='lat' dir='ltr'>infamia</span> <span class='ocrx_word' id='word_1_141' title='bbox 688 2180 759 2241; x_wconf 80' lang='lat' dir='ltr'>vert</span> <span class='ocrx_word' id='word_1_142' title='bbox 772 2179 848 2259; x_wconf 81' lang='lat' dir='ltr'>sacti</span> <span class='ocrx_word' id='word_1_143' title='bbox 857 2227 865 2248; x_wconf 89' lang='lat'><em>,</em></span> <span class='ocrx_word' id='word_1_144' title='bbox 882 2197 917 2240; x_wconf 93' lang='lat' dir='ltr'>ea</span> <span class='ocrx_word' id='word_1_145' title='bbox 931 2185 977 2240; x_wconf 87' lang='lat' dir='ltr'>est</span> <span class='ocrx_word' id='word_1_146' title='bbox 989 2196 1058 2260; x_wconf 84' lang='lat' dir='ltr'>quae</span> <span class='ocrx_word' id='word_1_147' title='bbox 1072 2187 1190 2239; x_wconf 79' lang='lat' dir='ltr'>contra-</span> 
     </span>
     <span class='ocr_line' id='line_1_21' title="bbox 216 2266 1189 2349; baseline -0.001 -22"><span class='ocrx_word' id='word_1_148' title='bbox 216 2291 231 2326; x_wconf 77' lang='lat'>»</span> <span class='ocrx_word' id='word_1_149' title='bbox 257 2267 336 2329; x_wconf 86' lang='lat' dir='ltr'>nitur</span> <span class='ocrx_word' id='word_1_150' title='bbox 357 2267 421 2348; x_wconf 85' lang='lat' dir='ltr'>ipso</span> <span class='ocrx_word' id='word_1_151' title='bbox 435 2266 528 2344; x_wconf 86' lang='lat' dir='ltr'>iacto,</span> <span class='ocrx_word' id='word_1_152' title='bbox 543 2275 573 2330; x_wconf 90' lang='lat' dir='ltr'>et</span> <span class='ocrx_word' id='word_1_153' title='bbox 591 2271 661 2330; x_wconf 76' lang='lat' dir='ltr'>ante</span> <span class='ocrx_word' id='word_1_154' title='bbox 675 2268 840 2349; x_wconf 87' lang='lat' dir='ltr'>quamlibet</span> <span class='ocrx_word' id='word_1_155' title='bbox 859 2267 1057 2343; x_wconf 88' lang='lat' dir='ltr'>sententiam;</span> <span class='ocrx_word' id='word_1_156' title='bbox 1076 2273 1108 2328; x_wconf 90' lang='lat' dir='ltr'>et</span> <span class='ocrx_word' id='word_1_157' title='bbox 1127 2267 1189 2327; x_wconf 83' lang='lat' dir='ltr'>haec</span> 
     </span>
     <span class='ocr_line' id='line_1_22' title="bbox 215 2355 1189 2439; baseline -0.001 -25"><span class='ocrx_word' id='word_1_158' title='bbox 215 2377 230 2414; x_wconf 80' lang='lat' dir='ltr'>a</span> <span class='ocrx_word' id='word_1_159' title='bbox 256 2356 367 2438; x_wconf 83' lang='lat' dir='ltr'>duplex</span> <span class='ocrx_word' id='word_1_160' title='bbox 376 2356 587 2439; x_wconf 81' lang='lat' dir='ltr'>distinguenda</span> <span class='ocrx_word' id='word_1_161' title='bbox 596 2357 729 2433; x_wconf 79' lang='lat' dir='ltr'>videtur3</span> <span class='ocrx_word' id='word_1_162' title='bbox 741 2356 798 2420; x_wconf 90' lang='lat' dir='ltr'>alia</span> <span class='ocrx_word' id='word_1_163' title='bbox 812 2363 857 2418; x_wconf 90' lang='lat' dir='ltr'>est</span> <span class='ocrx_word' id='word_1_164' title='bbox 870 2356 983 2438; x_wconf 61' lang='lat' dir='ltr'>legalia,</span> <span class='ocrx_word' id='word_1_165' title='bbox 999 2355 1057 2418; x_wconf 87' lang='lat' dir='ltr'>alia</span> <span class='ocrx_word' id='word_1_166' title='bbox 1068 2355 1189 2437; x_wconf 80' lang='lat' dir='ltr'>poputu-</span> 
     </span>
     <span class='ocr_line' id='line_1_23' title="bbox 216 2443 1186 2528; baseline -0.001 -23"><span class='ocrx_word' id='word_1_167' title='bbox 216 2469 231 2505; x_wconf 72' lang='grc' dir='ltr'>ι)</span> <span class='ocrx_word' id='word_1_168' title='bbox 256 2445 300 2506; x_wconf 80' lang='lat' dir='ltr'>ria</span> <span class='ocrx_word' id='word_1_169' title='bbox 315 2466 325 2504; x_wconf 93' lang='lat'><em>:</em></span> <span class='ocrx_word' id='word_1_170' title='bbox 338 2445 462 2509; x_wconf 81' lang='lat' dir='ltr'>infamia</span> <span class='ocrx_word' id='word_1_171' title='bbox 475 2446 578 2528; x_wconf 63' lang='lat' dir='ltr'>leuatis</span> <span class='ocrx_word' id='word_1_172' title='bbox 591 2446 668 2526; x_wconf 73' lang='lat' dir='ltr'>facti</span> <span class='ocrx_word' id='word_1_173' title='bbox 677 2464 713 2509; x_wconf 85' lang='lat' dir='ltr'>aa</span> <span class='ocrx_word' id='word_1_174' title='bbox 726 2454 770 2508; x_wconf 91' lang='lat' dir='ltr'>est</span> <span class='ocrx_word' id='word_1_175' title='bbox 783 2464 852 2527; x_wconf 86' lang='lat' dir='ltr'>quaa</span> <span class='ocrx_word' id='word_1_176' title='bbox 864 2446 958 2508; x_wconf 91' lang='lat' dir='ltr'>oritur</span> <span class='ocrx_word' id='word_1_177' title='bbox 970 2465 1007 2506; x_wconf 86' lang='lat' dir='ltr'>ex</span> <span class='ocrx_word' id='word_1_178' title='bbox 1022 2445 1086 2506; x_wconf 87' lang='lat' dir='ltr'>solu</span> <span class='ocrx_word' id='word_1_179' title='bbox 1098 2443 1186 2516; x_wconf 84' lang='lat' dir='ltr'>iactu,</span> 
     </span>
     <span class='ocr_line' id='line_1_24' title="bbox 217 2533 1188 2616; baseline -0.002 -22"><span class='ocrx_word' id='word_1_180' title='bbox 217 2557 232 2594; x_wconf 80' lang='lat' dir='ltr'>n</span> <span class='ocrx_word' id='word_1_181' title='bbox 257 2533 309 2596; x_wconf 89' lang='lat' dir='ltr'>sed</span> <span class='ocrx_word' id='word_1_182' title='bbox 323 2537 371 2598; x_wconf 93' lang='lat' dir='ltr'>cui</span> <span class='ocrx_word' id='word_1_183' title='bbox 382 2554 500 2598; x_wconf 80' lang='lat' dir='ltr'>annena</span> <span class='ocrx_word' id='word_1_184' title='bbox 511 2543 556 2598; x_wconf 91' lang='lat' dir='ltr'>est</span> <span class='ocrx_word' id='word_1_185' title='bbox 570 2537 635 2616; x_wconf 85' lang='lat' dir='ltr'>(per</span> <span class='ocrx_word' id='word_1_186' title='bbox 649 2535 756 2616; x_wconf 80' lang='lat' dir='ltr'>legem)</span> <span class='ocrx_word' id='word_1_187' title='bbox 772 2535 947 2610; x_wconf 83' lang='lat' dir='ltr'>infamia...&#39;;</span> <span class='ocrx_word' id='word_1_188' title='bbox 967 2534 1089 2596; x_wconf 85' lang='lat' dir='ltr'>infamia</span> <span class='ocrx_word' id='word_1_189' title='bbox 1098 2553 1188 2615; x_wconf 76' lang='lat' dir='ltr'>popu</span> 
     </span>
     <span class='ocr_line' id='line_1_25' title="bbox 216 2621 1188 2706; baseline -0.002 -24"><span class='ocrx_word' id='word_1_190' title='bbox 216 2645 231 2682; x_wconf 80' lang='lat' dir='ltr'>a</span> <span class='ocrx_word' id='word_1_191' title='bbox 257 2623 330 2686; x_wconf 80' lang='lat' dir='ltr'>laris</span> <span class='ocrx_word' id='word_1_192' title='bbox 344 2643 379 2688; x_wconf 85' lang='lat' dir='ltr'>ea</span> <span class='ocrx_word' id='word_1_193' title='bbox 393 2633 437 2687; x_wconf 90' lang='lat' dir='ltr'>est</span> <span class='ocrx_word' id='word_1_194' title='bbox 446 2625 686 2706; x_wconf 83' lang='lat' dir='ltr'>quaeincurritur</span> <span class='ocrx_word' id='word_1_195' title='bbox 697 2624 738 2686; x_wconf 90' lang='lat' dir='ltr'>ob</span> <span class='ocrx_word' id='word_1_196' title='bbox 751 2627 866 2687; x_wconf 89' lang='lat' dir='ltr'>crimen</span> <span class='ocrx_word' id='word_1_197' title='bbox 876 2623 970 2706; x_wconf 80' lang='lat' dir='ltr'>quod,</span> <span class='ocrx_word' id='word_1_198' title='bbox 986 2623 1055 2684; x_wconf 86' lang='lat' dir='ltr'>licet</span> <span class='ocrx_word' id='word_1_199' title='bbox 1065 2621 1188 2683; x_wconf 80' lang='lat' dir='ltr'>infamia</span> 
     </span>
     <span class='ocr_line' id='line_1_26' title="bbox 216 2711 1187 2793; baseline -0.004 -21"><span class='ocrx_word' id='word_1_200' title='bbox 216 2735 230 2771; x_wconf 80' lang='lat' dir='ltr'>a</span> <span class='ocrx_word' id='word_1_201' title='bbox 257 2731 317 2774; x_wconf 90' lang='lat' dir='ltr'>non</span> <span class='ocrx_word' id='word_1_202' title='bbox 339 2722 458 2776; x_wconf 88' lang='lat' dir='ltr'>notetur</span> <span class='ocrx_word' id='word_1_203' title='bbox 472 2715 503 2774; x_wconf 93' lang='lat' dir='ltr'>in</span> <span class='ocrx_word' id='word_1_204' title='bbox 515 2715 599 2791; x_wconf 86' lang='lat' dir='ltr'>jure,</span> <span class='ocrx_word' id='word_1_205' title='bbox 615 2713 674 2775; x_wconf 89' lang='lat' dir='ltr'>tale</span> <span class='ocrx_word' id='word_1_206' title='bbox 688 2720 788 2776; x_wconf 90' lang='lat' dir='ltr'>tamen</span> <span class='ocrx_word' id='word_1_207' title='bbox 804 2719 944 2775; x_wconf 80' lang='lat' dir='ltr'>astutas</span> <span class='ocrx_word' id='word_1_208' title='bbox 959 2711 1145 2793; x_wconf 83' lang='lat' dir='ltr'>prudentum</span> <span class='ocrx_word' id='word_1_209' title='bbox 1160 2713 1187 2770; x_wconf 86' lang='lat' dir='ltr'>et</span> 
     </span>
     <span class='ocr_line' id='line_1_27' title="bbox 216 2801 1182 2881; baseline -0.004 -20"><span class='ocrx_word' id='word_1_210' title='bbox 216 2823 231 2861; x_wconf 82' lang='lat' dir='ltr'>a</span> <span class='ocrx_word' id='word_1_211' title='bbox 256 2801 405 2865; x_wconf 85' lang='lat' dir='ltr'>bonorum</span> <span class='ocrx_word' id='word_1_212' title='bbox 417 2801 701 2879; x_wconf 77' lang='lat' dir='ltr'>aestimatione,b0ni</span> <span class='ocrx_word' id='word_1_213' title='bbox 712 2801 843 2865; x_wconf 89' lang='lat' dir='ltr'>nominis</span> <span class='ocrx_word' id='word_1_214' title='bbox 852 2801 1182 2881; x_wconf 82' lang='lat' dir='ltr'>amissionempnriat.r</span> 
     </span>
    </p>
   </div>
   <div class='ocr_carea' id='block_1_5' title="bbox 218 2925 1184 3094">
    <p class='ocr_par' dir='ltr' id='par_1_8' title="bbox 218 2925 1184 3094">
     <span class='ocr_line' id='line_1_28' title="bbox 218 2925 1184 3006; baseline 0.001 -19"><span class='ocrx_word' id='word_1_215' title='bbox 218 2929 303 2988; x_wconf 90' lang='grc'><strong>1910.</strong></span> <span class='ocrx_word' id='word_1_216' title='bbox 329 2925 505 3006; x_wconf 69' lang='lat' dir='ltr'>propositio.</span> <span class='ocrx_word' id='word_1_217' title='bbox 517 2925 819 2996; x_wconf 75' lang='lat' dir='ltr'>-Omnesintames</span> <span class='ocrx_word' id='word_1_218' title='bbox 834 2925 1184 3006; x_wconf 77' lang='lat' dir='ltr'>sinciurisetiamcivilis,</span> 
     </span>
     <span class='ocr_line' id='line_1_29' title="bbox 256 3013 845 3094; baseline 0.003 -18"><span class='ocrx_word' id='word_1_219' title='bbox 256 3016 317 3076; x_wconf 87' lang='lat' dir='ltr'>sive</span> <span class='ocrx_word' id='word_1_220' title='bbox 331 3013 410 3088; x_wconf 88' lang='lat' dir='ltr'>iacti,</span> <span class='ocrx_word' id='word_1_221' title='bbox 426 3015 605 3094; x_wconf 83' lang='lat' dir='ltr'>irregulares</span> <span class='ocrx_word' id='word_1_222' title='bbox 619 3021 690 3077; x_wconf 87' lang='lat' dir='ltr'>sunt</span> <span class='ocrx_word' id='word_1_223' title='bbox 703 3014 845 3078; x_wconf 89' lang='lat' dir='ltr'>habendi.</span> 
     </span>
    </p>
   </div>
   <div class='ocr_carea' id='block_1_6' title="bbox 216 3137 1185 3748">
    <p class='ocr_par' dir='ltr' id='par_1_9' title="bbox 216 3137 1185 3395">
     <span class='ocr_line' id='line_1_30' title="bbox 256 3137 1184 3222; baseline 0.005 -24"><span class='ocrx_word' id='word_1_224' title='bbox 256 3137 423 3218; x_wconf 87' lang='lat' dir='ltr'>Propositio</span> <span class='ocrx_word' id='word_1_225' title='bbox 435 3143 552 3200; x_wconf 84' lang='lat' dir='ltr'>constat</span> <span class='ocrx_word' id='word_1_226' title='bbox 563 3156 601 3200; x_wconf 86' lang='lat' dir='ltr'>ex</span> <span class='ocrx_word' id='word_1_227' title='bbox 614 3157 681 3220; x_wconf 83' lang='lat' dir='ltr'>cap.</span> <span class='ocrx_word' id='word_1_228' title='bbox 697 3139 826 3218; x_wconf 79' lang='lat' dir='ltr'>Insanus</span> <span class='ocrx_word' id='word_1_229' title='bbox 839 3143 876 3214; x_wconf 85' lang='lat'>6,</span> <span class='ocrx_word' id='word_1_230' title='bbox 892 3159 923 3222; x_wconf 87' lang='lat' dir='ltr'>q.</span> <span class='ocrx_word' id='word_1_231' title='bbox 941 3143 970 3211; x_wconf 87' lang='grc'>1,</span> <span class='ocrx_word' id='word_1_232' title='bbox 989 3139 1021 3202; x_wconf 94' lang='lat' dir='ltr'>in</span> <span class='ocrx_word' id='word_1_233' title='bbox 1036 3157 1099 3222; x_wconf 86' lang='lat' dir='ltr'>quc</span> <span class='ocrx_word' id='word_1_234' title='bbox 1112 3158 1184 3203; x_wconf 87' lang='lat' dir='ltr'>cnu-</span> 
     </span>
     <span class='ocr_line' id='line_1_31' title="bbox 216 3227 1185 3311; baseline 0.004 -24"><span class='ocrx_word' id='word_1_235' title='bbox 216 3232 372 3287; x_wconf 90' lang='lat' dir='ltr'>merantur</span> <span class='ocrx_word' id='word_1_236' title='bbox 389 3243 524 3288; x_wconf 77' lang='lat' dir='ltr'>«omnes</span> <span class='ocrx_word' id='word_1_237' title='bbox 537 3244 614 3308; x_wconf 87' lang='lat' dir='ltr'>quos</span> <span class='ocrx_word' id='word_1_238' title='bbox 631 3227 732 3289; x_wconf 76' lang='lat' dir='ltr'>secuti</span> <span class='ocrx_word' id='word_1_239' title='bbox 745 3237 797 3290; x_wconf 89' lang='lat' dir='ltr'>aut</span> <span class='ocrx_word' id='word_1_240' title='bbox 810 3228 952 3293; x_wconf 79' lang='lat' dir='ltr'>Bccteaioe</span> <span class='ocrx_word' id='word_1_241' title='bbox 965 3227 1048 3308; x_wconf 76' lang='lat' dir='ltr'>leges</span> <span class='ocrx_word' id='word_1_242' title='bbox 1066 3229 1185 3311; x_wconf 68' lang='lat' dir='ltr'>cafarna</span> 
     </span>
     <span class='ocr_line' id='line_1_32' title="bbox 217 3313 494 3395; baseline 0.004 -23"><span class='ocrx_word' id='word_1_243' title='bbox 217 3333 234 3372; x_wconf 79' lang='lat' dir='ltr'>r</span> <span class='ocrx_word' id='word_1_244' title='bbox 258 3313 494 3395; x_wconf 76' lang='lat' dir='ltr'>pronuntiant.»</span> 
     </span>
    </p>

    <p class='ocr_par' dir='ltr' id='par_1_10' title="bbox 217 3403 1184 3748">
     <span class='ocr_line' id='line_1_33' title="bbox 258 3403 1184 3486; baseline 0.009 -24"><span class='ocrx_word' id='word_1_245' title='bbox 258 3403 410 3464; x_wconf 87' lang='lat' dir='ltr'>Bonacina</span> <span class='ocrx_word' id='word_1_246' title='bbox 429 3411 618 3467; x_wconf 86' lang='lat' dir='ltr'>tamencum</span> <span class='ocrx_word' id='word_1_247' title='bbox 641 3408 717 3468; x_wconf 77' lang='lat' dir='ltr'>tzar</span> <span class='ocrx_word' id='word_1_248' title='bbox 738 3404 811 3468; x_wconf 88' lang='lat' dir='ltr'>dicit</span> <span class='ocrx_word' id='word_1_249' title='bbox 828 3403 984 3468; x_wconf 77' lang='lat' dir='ltr'>infamiam</span> <span class='ocrx_word' id='word_1_250' title='bbox 998 3405 1074 3486; x_wconf 74' lang='lat' dir='ltr'>sacti</span> <span class='ocrx_word' id='word_1_251' title='bbox 1097 3405 1184 3470; x_wconf 90' lang='lat' dir='ltr'>indu·</span> 
     </span>
     <span class='ocr_line' id='line_1_34' title="bbox 217 3489 1182 3576; baseline 0.003 -23"><span class='ocrx_word' id='word_1_252' title='bbox 217 3509 284 3553; x_wconf 91' lang='lat' dir='ltr'>cere</span> <span class='ocrx_word' id='word_1_253' title='bbox 298 3489 422 3572; x_wconf 91' lang='lat' dir='ltr'>quidem</span> <span class='ocrx_word' id='word_1_254' title='bbox 437 3492 685 3572; x_wconf 75' lang='lat' dir='ltr'>irregularitatem</span> <span class='ocrx_word' id='word_1_255' title='bbox 699 3495 737 3557; x_wconf 92' lang='lat' dir='ltr'>ad</span> <span class='ocrx_word' id='word_1_256' title='bbox 752 3513 813 3556; x_wconf 89' lang='lat' dir='ltr'>non</span> <span class='ocrx_word' id='word_1_257' title='bbox 828 3494 1035 3576; x_wconf 84' lang='lat' dir='ltr'>suscipiendos</span> <span class='ocrx_word' id='word_1_258' title='bbox 1050 3493 1182 3571; x_wconf 85' lang='lat' dir='ltr'>ordines,</span> 
     </span>
     <span class='ocr_line' id='line_1_35' title="bbox 218 3578 1183 3664; baseline 0.002 -24"><span class='ocrx_word' id='word_1_259' title='bbox 218 3597 279 3640; x_wconf 88' lang='lat' dir='ltr'>non</span> <span class='ocrx_word' id='word_1_260' title='bbox 303 3581 373 3640; x_wconf 81' lang='lat' dir='ltr'>vend</span> <span class='ocrx_word' id='word_1_261' title='bbox 395 3578 434 3640; x_wconf 91' lang='lat' dir='ltr'>ad</span> <span class='ocrx_word' id='word_1_262' title='bbox 454 3598 516 3642; x_wconf 89' lang='lat' dir='ltr'>non</span> <span class='ocrx_word' id='word_1_263' title='bbox 537 3581 768 3646; x_wconf 87' lang='lat' dir='ltr'>ministrandum</span> <span class='ocrx_word' id='word_1_264' title='bbox 791 3584 822 3645; x_wconf 90' lang='lat' dir='ltr'>in</span> <span class='ocrx_word' id='word_1_265' title='bbox 845 3584 1006 3664; x_wconf 81' lang='lat' dir='ltr'>susceptis3</span> <span class='ocrx_word' id='word_1_266' title='bbox 1031 3583 1183 3661; x_wconf 75' lang='lat' dir='ltr'>infamiam</span> 
     </span>
     <span class='ocr_line' id='line_1_36' title="bbox 218 3667 1054 3748; baseline 0.01 -26"><span class='ocrx_word' id='word_1_267' title='bbox 218 3668 287 3728; x_wconf 80' lang='lat' dir='ltr'>rard</span> <span class='ocrx_word' id='word_1_268' title='bbox 299 3667 375 3744; x_wconf 82' lang='lat' dir='ltr'>juris</span> <span class='ocrx_word' id='word_1_269' title='bbox 389 3667 426 3728; x_wconf 88' lang='lat' dir='ltr'>ad</span> <span class='ocrx_word' id='word_1_270' title='bbox 441 3676 613 3748; x_wconf 84' lang='lat' dir='ltr'>utrumque.</span> <span class='ocrx_word' id='word_1_271' title='bbox 626 3672 656 3730; x_wconf 85' lang='lat' dir='ltr'>S.</span> <span class='ocrx_word' id='word_1_272' title='bbox 673 3671 807 3748; x_wconf 76' lang='lat' dir='ltr'>lignun,</span> <span class='ocrx_word' id='word_1_273' title='bbox 824 3670 876 3732; x_wconf 87' lang='lat' dir='ltr'>lib.</span> <span class='ocrx_word' id='word_1_274' title='bbox 891 3675 923 3744; x_wconf 74' lang='grc'>’1,</span> <span class='ocrx_word' id='word_1_275' title='bbox 938 3672 973 3732; x_wconf 81' lang='lat' dir='ltr'>n·</span> <span class='ocrx_word' id='word_1_276' title='bbox 984 3674 1054 3733; x_wconf 77' lang='grc'><strong>369.</strong></span> 
     </span>
    </p>
   </div>
   <div class='ocr_carea' id='block_1_7' title="bbox 0 0 1267 4028">
    <p class='ocr_par' dir='ltr' id='par_1_11' title="bbox 0 0 1267 4028">
     <span class='ocr_line' id='line_1_37' title="bbox 0 0 1267 4028; baseline 0 0"><span class='ocrx_word' id='word_1_277' title='bbox 0 0 1267 4028; x_wconf 95' lang='lat' dir='ltr'> </span> 
     </span>
    </p>
   </div>
  </div>
 </body>
</html>
