2534 3996
475 232 561 284 arara
583 235 702 286 ratane.
1015 223 1074 290 399

102 337 285 400 eontrarium
310 355 372 401 non
394 335 511 418 exigat,
534 342 624 420 prout
647 337 727 400 uerte
755 337 875 420 exigere
899 344 1020 420 potest,
1047 349 1076 404 et

102 428 202 488 revera
219 424 307 492 bodie
326 425 364 486 da
384 423 460 488 laeto
481 424 592 506 exigit,
615 431 649 488 ut
667 425 743 490 inlra
761 426 868 492 dicturi
890 447 1014 504 sumus.
1032 431 1072 494 lo·

102 514 223 596 quando
242 515 279 578 de
304 512 498 578 professione.
517 513 607 595 (Vide
622 514 734 593 Bouix,
757 516 801 578 lle
819 515 959 600 deputor.
974 565 982 596 ,
998 525 1019 582 t.
1038 525 1073 595 1,

141 697 230 756 1165.
246 693 386 766 Quamvis
407 693 438 756 in
453 711 486 754 se
504 711 565 756 non
580 693 619 758 sit
632 692 670 756 de
684 694 813 760 essentia
827 695 927 759 Status
946 697 1075 780 religiosi

102 782 185 864 qudd
199 783 237 846 ab
252 783 384 846 Ecclesia
403 782 605 866 approbetur,
621 789 753 846 attamen
774 783 812 846 de
833 783 926 866 ipsius
948 788 1074 850 essentie

102 877 148 933 est
160 877 193 933 ut
214 872 253 936 ab
268 871 332 954 ipstr
346 889 408 934 non
423 871 615 954 prohibeatur
631 890 638 932 :
654 871 804 952 siquidem
823 892 877 956 per
897 873 987 936 talem
1008 895 1076 958 pro·

101 958 279 1024 bibitionem
301 967 394 1024 status
414 959 644 1042 qualiscumque
659 959 692 1022 tit
712 960 846 1036 illicitus,
869 981 926 1026 neo
946 965 1076 1046 ampliirs

101 1055 278 1131 potestesse
299 1055 386 1130 aptus
403 1048 440 1112 ad
455 1048 688 1112 conducendum
709 1049 747 1112 ad
767 1048 982 1131 perfectionem
1005 1053 1076 1118 eba-

101 1137 215 1212 ritatis3
233 1140 323 1220 porrd
341 1137 428 1200 bodie
446 1156 484 1200 eo
502 1135 567 1220 ipso
585 1138 667 1219 qudd
689 1157 751 1202 non
765 1137 855 1202 tuerit
875 1141 1074 1224 approbatum

100 1225 139 1288 ab
168 1225 301 1290 Ecclesia
324 1226 498 1308 religiosum
522 1225 713 1306 institutum,
737 1226 840 1292 haberi
864 1227 954 1294 debet
979 1238 1012 1294 ut
1039 1233 1076 1294 ab

99 1315 166 1398 ipstt
180 1315 376 1398 prohibitum.
388 1321 421 1380 ut
435 1316 510 1378 inira
524 1314 632 1380 dicturi
648 1334 764 1392 sumus,
774 1323 803 1378 et
816 1325 934 1382 eonsnt
947 1336 1013 1404 rap.
1031 1321 1077 1382 Ne

100 1405 237 1480 nituisti,
252 1404 286 1468 de
300 1405 448 1487 religiosis
459 1403 578 1482 domii„
595 1423 632 1468 ex
647 1407 739 1469 Cone.
750 1407 886 1470 Lateran.
898 1409 949 1486 IV,
965 1415 994 1472 et
1007 1429 1073 1492 eap.

102 1494 286 1575 Religionem
300 1495 435 1576 ejusdem
451 1494 508 1569 tit,
524 1513 559 1558 ex
572 1496 664 1558 Cone.
681 1495 820 1576 Lugdun.
837 1497 872 1560 ll.

143 1587 232 1646 aton.
249 1585 415 1666 Religiosus
429 1583 509 1646 Ordo
522 1581 611 1646 debet
623 1602 696 1666 ergo
709 1583 798 1646 hodie
812 1602 877 1646 esse
891 1585 929 1648 ab
943 1586 1076 1651 Ecclesia

103 1672 300 1754 approbatum
314 1672 533 1736 consuetudine
545 1679 663 1748 tamen,
680 1671 884 1734 introductum
898 1673 953 1736 suit
967 1681 1001 1738 ut
1014 1677 1076 1738 solt

101 1761 317 1843 approbatione
325 1762 463 1844 Episcopi
473 1761 699 1823 instituerentur
711 1761 801 1824 variae
810 1763 1074 1844 Congregetiones‚

100 1869 170 1931 quar
182 1850 285 1913 saltem
296 1851 334 1912 ab
344 1850 478 1912 Ecclesia
487 1849 662 1927 tolerantur,
673 1857 706 1912 ut
720 1849 858 1914 dicemus
868 1847 954 1926 intra,
964 1858 993 1914 et
1008 1873 1077 1936 quae

100 1940 229 2021 proinde
247 1939 349 2002 baberi
370 1946 494 2021 possunt
515 1945 550 2002 ut
570 1939 759 2002 continentes
780 1957 849 2020 quae
863 1938 900 2001 ad
915 1942 1075 2003 essentiam

100 2030 203 2091 Status
222 2029 352 2110 religiosi
368 2035 511 2109 spectant.
539 2029 612 2090 Vide
628 2031 663 2089 D.
679 2029 786 2104 Bouix,
805 2027 847 2091 be
861 2027 1072 2112 Hegoloridue,

98 2123 176 2180 tom.
194 2123 222 2191 1,
239 2138 269 2199 p.
286 2122 430 2192 ade-arr,
446 2121 515 2193 aba
532 2123 561 2180 et
577 2117 653 2180 intra
667 2119 778 2196 (2528).

142 2210 248 2271 'Utrum
270 2206 307 2269 ad
326 2206 511 2288 completum
530 2207 645 2269 Statum
661 2205 824 2288 lteligionis
842 2207 1012 2289 requiratur
1032 2209 1075 2272 in·

99 2315 194 2378 super
207 2296 288 2379 qudd
303 2302 370 2358 vota
391 2295 451 2358 sint
470 2295 635 2371 solemnia,
652 2294 857 2380 expendemus
876 2295 953 2359 inira
969 2301 1073 2380 (abda,

141 2435 232 2538 bibl.
248 2386 372 2549 Ou)aerit.
396 2477 442 2537 lin
463 2473 502 2540 ad
524 2475 684 2539 essentiam
706 2476 805 2538 Stabis
825 2474 955 2555 religiosi
975 2476 1075 2540 stricte

99 2565 212 2648 sumpti
232 2567 402 2646 requiratur
422 2565 542 2628 traditio
563 2569 610 2628 sul
632 2567 695 2626 Deo
716 2564 811 2642 taeta,
832 2569 861 2624 el
881 2563 1004 2626 nornine
1021 2565 1075 2626 Dei

98 2654 141 2718 ub
155 2654 254 2737 aliquo
269 2653 392 2717 bomine
406 2655 582 2736 acceptata?

144 2744 338 2828 Respondent
350 2743 524 2806 affirmative
539 2745 601 2804 bb.
617 2742 819 2805 communiter
836 2761 843 2802 :
859 2759 979 2824 semper
992 2741 1074 2804 eninr

98 2833 155 2895 tuit
169 2833 370 2896 existimatum
385 2851 403 2894 a
421 2833 558 2894 Patribus
579 2832 659 2914 qudd
675 2835 774 2893 Status
793 2831 951 2912 religiosus
964 2831 1001 2892 sit
1020 2830 1073 2894 do-

101 2921 183 2986 natio
196 2930 227 2986 et
239 2921 357 2986 traditio
371 2925 417 2985 sui
432 2923 496 2984 Deo
510 2921 605 2986 lacta:
622 2921 688 2984 ride
702 2927 799 2986 textus
812 2921 870 2984 hoe
884 2921 1043 3002 probantes
1057 2924 1073 2983 a

99 3013 139 3074 D.
158 3013 250 3074 Bnuix
271 3011 379 3074 relatos
393 3011 447 3088 (De
462 3011 581 3093 legul,
596 3017 670 3072 tom.
688 3015 717 3090 l,
733 3029 764 3093 p.
780 3014 830 3082 bl,
847 3009 899 3090 52)
911 3031 919 3088 ;
932 3017 961 3072 et
974 3011 1072 3092 quoad

99 3102 308 3164 necessitatem
324 3100 536 3183 acceptationis
551 3100 675 3164 nomine
697 3099 752 3162 Dei
770 3099 808 3162 ab
827 3100 928 3181 aliquo
948 3099 1072 3162 homine

98 3189 205 3268 taetre,
221 3192 266 3253 sio
279 3209 343 3252 rem
358 3191 486 3272 explieat
500 3189 677 3270 Suarez.(De
693 3188 804 3270 detq„
820 3195 904 3254 tract.
922 3193 952 3265 7,
968 3187 1020 3252 lib.
1041 3195 1071 3266 2,

98 3299 167 3362 cap.
183 3285 213 3356 l,
231 3279 272 3342 n¹·
285 3285 303 3344 ‘l
318 3286 350 3342 ot
363 3283 392 3358 8)
405 3297 412 3342 :
432 3301 447 3339 r
462 3279 655 3344 Ostendimus
674 3280 772 3342 ileum
786 3277 985 3359 perseipsum
1006 3293 1072 3338 vora

98 3393 113 3432 r
140 3375 294 3451 aoueptare
309 3387 377 3450 quaa
391 3369 636 3450 inpromissione
649 3367 817 3431 consistunt
832 3387 840 3428 ι
856 3366 938 3449 quod
959 3365 1010 3428 hie
1023 3377 1072 3430 no*

75 3463 114 3523 'a
140 3477 247 3540 gamus
260 3457 298 3520 de
312 3457 471 3520 traditione
484 3457 530 3520 uel
548 3457 736 3521 oblatione...
752 3460 828 3518 Num
842 3455 1001 3539 promissio
1016 3455 1069 3537 ipsi

93 3571 113 3614 n
139 3551 203 3612 Deo
224 3547 397 3610 immediate
418 3545 482 3610 beri
503 3553 601 3629 potest
621 3553 652 3610 at
672 3545 712 3608 illi
727 3546 865 3628 plaeere,
881 3544 905 3606 si
925 3545 962 3606 sit
982 3542 1019 3606 de
1039 3565 1071 3606 re

93 3661 114 3702 n
139 3637 196 3702 sibi
209 3637 292 3721 grata
305 3656 311 3698 :
324 3643 351 3700 et
366 3636 423 3700 hoc
437 3637 508 3702 satis
521 3641 567 3700 est
579 3641 612 3700 ut
624 3633 733 3698 habeat
746 3651 835 3698 suum
850 3632 1001 3710 effectum,
1017 3633 1068 3714 qui
