2528 3996
424 237 511 283 oram
530 237 649 284 carnus.
959 223 1019 288 563

36 338 100 402 col.
119 337 464 421 1289),—1npraetata
486 337 571 419 lege,
589 340 620 402 S.
644 339 753 420 Gongr.
769 337 870 420 Episc.
893 345 923 402 et
941 341 1016 424 Reg.

37 449 104 492 non
125 429 279 511 dispensat
294 427 350 489 nisi
369 428 453 510 pribs
466 427 589 491 obtento
605 445 659 510 per
678 428 855 491 scrutinium
869 438 1018 494 secretum

36 537 195 581 consensu
208 517 399 580 monialium.
416 515 584 595 (Analecta,
600 517 655 596 ib,
670 517 728 580 col.
746 518 846 598 taos.)

82 612 172 670 2972.
184 641 221 653 -
236 608 267 668 2⁰
286 605 474 670 Confessario
494 605 672 670 monialium
686 613 768 670 certa
788 625 904 671 merces
918 626 1019 674 annua

38 695 186 760 constitui
201 695 300 759 debet.

84 788 116 848 3⁰
130 785 223 848 Statui
247 791 344 867 potest
362 783 400 847 ab
423 785 574 867 Episcopo
587 783 669 867 qudd
690 785 854 862 moniales,
872 787 1019 871 simplicia

39 876 202 939 autetiam
225 875 307 937 nulla
328 879 395 938 vota
416 875 606 950 emittentes,
627 881 781 956 nequeant
801 876 936 940 confiteri
962 881 1018 942 nisi

41 963 235 1028 corriessariis
252 983 307 1045 pro
322 963 394 1045 ipsis
413 963 580 1045 specialiter
593 963 761 1045 deputatis,
778 965 839 1028 sive
861 967 1020 1030 ordinariis

41 1055 107 1117 sire
121 1051 372 1130 extraordinariis,
387 1071 458 1116 oum
472 1052 664 1115 observandis
678 1059 779 1116 tanren
794 1061 823 1116 et
836 1055 1020 1138 excipiendis

41 1163 115 1228 qnae
129 1161 220 1220 supra
232 1141 476 1206 enumeravimus
491 1141 689 1224 (laea-teau
707 1145 904 1220 itti-totta),
920 1151 950 1208 et
964 1145 1020 1207 im-

40 1233 152 1316 primis
165 1232 246 1315 qudd
266 1231 393 1314 singulis
416 1231 554 1294 trienniis
574 1238 706 1294 mutetur
724 1231 933 1296 confessarius.
945 1234 1020 1297 Vide

41 1323 196 1394 decisum,
210 1341 260 1405 ap.
275 1320 430 1394 Analecta,
442 1325 492 1383 88·
507 1320 585 1392 liar„
602 1320 660 1382 col.
676 1322 747 1396 504,
764 1333 797 1382 n⁰
811 1323 880 1384 315.

86 1417 176 1476 8973.
193 1415 260 1473 Non
273 1410 414 1474 videntur
428 1410 505 1472 bene
523 1417 668 1472 annotare
686 1409 823 1473 Protect.
839 1409 874 1472 S.
891 1411 1021 1494 Sulpicii

44 1516 81 1564 n0
100 1505 175 1578 868,
191 1499 289 1584 qudd,
305 1500 389 1562 nullo
411 1499 532 1561 decreto
552 1497 733 1581 peaeroliter
755 1497 926 1578 obligante,
942 1520 1022 1581 prae·

45 1591 178 1670 cipiatur
191 1591 317 1652 mutatio
331 1588 504 1650 confessarii
525 1585 704 1650 monialium
719 1586 844 1668 siapulic
860 1589 996 1650 tra'caaiis
1011 1610 1022 1650 .·

45 1681 179 1742 citantur
194 1679 276 1742 enim
290 1678 392 1760 plures
411 1677 633 1740 Declarationes
652 1679 683 1738 S.
704 1677 814 1758 Congr.
832 1677 971 1758 Episcop.
994 1684 1023 1741 et

45 1769 206 1849 Regulam,
221 1767 302 1850 apud
322 1766 482 1842 Analecta,
500 1767 580 1846 janv.
603 1769 690 1838 1859,
713 1765 771 1828 col.
790 1769 967 1828 lancisae.
986 1802 1024 1813 -

45 1861 115 1920 Non
132 1863 256 1940 possunt
281 1863 382 1918 autem
405 1856 573 1918 conservari
598 1855 675 1918 ultra
702 1852 817 1917 dictum
845 1855 1022 1934 triennium,

47 1949 139 2010 etiam
155 1966 225 2010 oum
240 1945 474 2028 dispensatione,
485 1944 550 2008 sine
564 1961 716 2007 consensu
726 1943 903 2007 monialium
914 1943 1021 2025 (illati.

50 2037 126 2100 Vide
140 2037 219 2098 dicta
234 2036 343 2116 (1598).

91 2128 231 2189 897811]
252 2125 424 2187 hactamen
446 2124 600 2206 provincia
625 2123 826 2186 dvenionensi
848 2143 884 2187 ex
908 2123 1021 2188 Concil.

49 2215 230 2280 provinciali
255 2217 354 2287 1849,
380 2215 489 2276 mutari
510 2213 601 2275 debet
622 2213 823 2277 confessarius
847 2213 1024 2276 monialium

49 2305 181 2387 singulis
190 2304 336 2380 trienniis,
345 2305 462 2366 tantiam
472 2303 499 2364 si
508 2302 649 2365 commode
658 2303 726 2386 fieri
731 2311 835 2384 protest.
850 2307 895 2383 (P.
907 2308 955 2378 88,
968 2308 1024 2384 5⁰.)

94 2395 170 2456 Vide
183 2395 271 2476 plura
283 2393 357 2472 alia,
373 2391 454 2475 apud
468 2393 504 2453 D.
521 2391 637 2469 Bouix,
656 2392 701 2454 De
715 2391 858 2474 Repular.
885 2400 970 2472 (tom.
985 2399 1022 2468 2,

50 2507 72 2570 p
93 2568 1027 2650 abidouaerit.3⁰OuomoddmonialesgeneraliSuperiorissae

51 2665 210 2742 subjectae,
222 2662 260 2724 ab
274 2661 431 2724 ordinario
442 2661 472 2722 in
485 2658 611 2740 singulis
625 2655 804 2720 dioecesibus
817 2657 1027 2740 dependeant?

94 2751 300 2834 (Supponitur
322 2750 416 2814 dictas
438 2748 586 2813 moniales
608 2747 647 2810 ab
668 2745 826 2812 Ordinario
854 2747 1028 2812 auctoritate

53 2847 88 2908 S.
106 2842 193 2904 Sedis
207 2859 268 2902 non
285 2858 350 2902 esse
364 2839 545 2921 exemptas.)

96 2933 186 3013 Resp.
203 2929 340 2992 Diximus
360 2945 449 3010 supra
464 2925 567 3008 (2930)
581 2924 800 2989 consuetudine
823 2924 1027 2990 introductum

52 3022 150 3085 luisse
163 3019 245 3101 quod
260 3018 405 3081 moniales
426 3017 463 3079 ab
484 3015 642 3079 Ordinario
662 3014 852 3097 dependeant
865 3015 896 3078 in
911 3017 1029 3096 gravio-

52 3111 142 3174 ribus
155 3107 423 3172 administrationis
441 3105 555 3168 actibus
573 3126 580 3167 :
596 3124 665 3187 quae
684 3104 809 3187 quidem
829 3107 1027 3184 consuetudo,

52 3219 111 3285 pro
131 3199 320 3261 monasteriis
338 3217 406 3280 quae
425 3196 462 3258 ab
483 3195 547 3259 aliis
563 3214 624 3258 non
645 3193 833 3276 dependent,
850 3215 910 3257 non
931 3196 1029 3256 solbm

53 3289 197 3374 gravibus
218 3307 279 3350 non
302 3295 346 3350 est
368 3286 497 3350 obnoxia
520 3284 819 3354 inconvenientibus,
843 3283 895 3345 sed
918 3283 1029 3360 ctiam,

53 3380 163 3443 saltere
186 3377 353 3454 ordinarie,
375 3376 511 3459 perutilis
531 3393 596 3437 esse
615 3373 732 3436 videtur
748 3393 755 3433 :
772 3376 843 3436 oum
865 3391 943 3453 sape
961 3390 1030 3434 con-

55 3473 153 3548 tingat
168 3469 314 3530 moniales
334 3467 365 3529 in
382 3466 471 3530 variis
491 3463 633 3544 negotiis,
649 3462 774 3526 consilio
798 3469 827 3525 et
848 3462 1031 3536 protectione

56 3559 207 3640 indigere.

98 3652 190 3712 auto.
212 3645 271 3711 Sed
292 3645 414 3728 quando
427 3649 593 3710 conventus
613 3641 704 3724 longe
723 3641 841 3725 lateque
860 3641 891 3704 in
910 3639 1032 3706 diversis
