2486 3984
415 271 502 320 amru
521 269 639 319 rmuut.
968 243 1021 316 toi
1145 227 1150 238 ’

106 372 268 434 ibba-Ii.
280 369 337 436 Pro
349 371 474 432 materia
484 370 636 452 prasenti,
646 369 684 431 ad
694 367 1024 448 iurisdictionemdele·

70 467 159 538 gatam
174 479 234 522 una
248 459 381 542 specialis
398 459 530 521 conditio
543 457 706 540 requiritur
715 458 754 522 de
767 463 829 540 qua
841 475 924 520 nunc
936 456 1026 522 disse

71 547 208 624 rendum,
224 567 333 632 nempe
346 546 522 630 approbatio
534 547 687 628 Episcopi.

103 639 152 698 Est
170 644 268 700 autem
289 637 480 719 approbatio,
502 635 601 717 inquit
617 634 751 698 Ferraria
767 634 809 715 (ν’
828 633 1026 718 Approbatt'o,

69 730 117 786 art.
129 727 156 800 l,
169 725 208 787 n¹⁸
216 723 685 805 t-a)‚taattenn·cumjudtn'um‚
694 745 743 786 reu
752 723 913 786 declaratio
921 723 956 786 de
965 724 1022 788 teti

70 835 82 870 r
103 814 206 876 ner'tote
226 823 256 876 et
276 814 449 896 ruffln'entt'ti
469 813 626 876 sacerdotia
641 813 682 874 ad
696 813 853 876 audiendas
875 814 1025 894 confessio·

72 924 84 958 n
104 921 155 973 nes,
175 902 256 985 [aeta
270 902 308 964 ab
324 902 447 966 trabeate
457 910 680 985 potestatam...
695 903 774 964 Hinc
787 907 869 984 patet
881 902 963 984 qubd
977 921 1028 985 ap

71 1013 84 1046 r
104 992 233 1072 probatio
247 1011 311 1054 non
325 993 365 1054 sit
382 992 501 1055 collatio
516 991 749 1072 jurisdictionis,
766 991 819 1054 sed
832 992 886 1054 ista
909 991 972 1056 duo
986 991 1029 1054 in·

71 1099 84 1134 r
104 1085 145 1142 ter
156 1099 188 1144 se
199 1080 345 1144 differunt
360 1101 368 1142 ι
383 1081 558 1164 approbatio
575 1079 657 1142 enim
672 1086 718 1144 est
736 1085 822 1144 actus
843 1081 1026 1160 intellectus,
1137 1161 1140 1167 Ι

71 1191 84 1225 r
104 1187 153 1231 seu
171 1169 321 1250 judicium
342 1187 404 1252 quo
416 1171 622 1252 Episcopus...
640 1169 739 1231 solum
754 1169 868 1250 judicat
880 1169 970 1232 talem
984 1189 1029 1233 sa·

70 1279 83 1314 n
104 1257 289 1322 cerdotem...
304 1278 370 1322 esse
389 1258 570 1322 idoneum...
593 1258 716 1321 Collatio
729 1255 799 1320 verb
813 1257 1029 1338 iurisdictionis

69 1368 82 1404 r
103 1354 145 1408 est
156 1357 239 1412 actus
251 1347 413 1412 voluntatis
425 1367 487 1430 quo
496 1347 632 1430 superior
646 1346 797 1410 confert...
813 1345 960 1410 sacerdoti
974 1367 1028 1430 po-

69 1457 82 1490 r
102 1441 232 1500 testatem
251 1439 283 1500 io
303 1455 374 1502 suos
393 1437 528 1500 subditos
541 1436 579 1498 ad
593 1437 756 1500 audiendas
773 1435 1026 1501 consessiones...

69 1545 82 1580 r
104 1527 284 1608 approbatio
299 1533 376 1589 stare
391 1533 488 1608 potest
502 1527 567 1588 sine
578 1525 804 1604 jurisdictione,
818 1531 852 1586 ut
867 1526 892 1585 si
910 1526 1031 1606 Episco-

68 1634 81 1669 a
103 1633 166 1694 pus,
182 1635 243 1678 non
258 1615 396 1678 obstante
407 1615 520 1696 judicio
534 1614 572 1676 de
586 1614 756 1690 idoneitates,
772 1631 843 1676 eum
856 1611 954 1676 adbuc
967 1634 1029 1678 non

68 1723 80 1760 r
101 1701 254 1786 deputaret
266 1704 306 1767 ad
318 1704 483 1767 audiendas
494 1702 766 1768 confessiones...»

105 1797 186 1856 1556.
202 1793 397 1870 «Ordinarib,
407 1794 505 1876 inquit
517 1793 678 1874 Theologia
687 1791 835 1855 'tolosana
848 1789 892 1872 (de
903 1810 1028 1854 sarram.

68 1901 80 1934 n
103 1879 217 1960 Ponit,
240 1901 309 1965 cap.
330 1887 367 1961 6,
392 1890 447 1945 art.
470 1885 551 1962 E)...,
566 1883 706 1964 Episcopi
727 1879 850 1964 quando
863 1881 1031 1963 approbant

68 1991 81 2026 n
103 1971 270 2034 saeenlotes
283 1971 458 2044 saculares,
469 1979 500 2034 et
512 1972 663 2054 praecipue
677 1971 748 2034 citm
761 1969 894 2052 aliquem
908 1971 1030 2032 mittunt

67 2081 81 2116 n
102 2058 137 2121 ad
149 2060 316 2124 audiendas
329 2059 533 2123 confessiones
549 2059 772 2136 inremotam,
790 2059 1029 2138 jurisdictionem

67 2169 80 2203 r
102 2149 266 2214 simulcum
278 2149 492 2231 approbatione
501 2149 672 2224 contemni,
683 2147 739 2210 nisi
750 2147 830 2210 aliud
841 2147 1027 2230 exprimant;

67 2257 80 2292 r.
102 2245 129 2298 et
141 2236 218 2301 banc
231 2237 395 2300 formulam
407 2236 443 2299 (le
455 2237 644 2300 eonaenauuel
659 2236 779 2299 treentiti
784 2236 907 2318 parochi
916 2235 1030 2300 addunt

68 2349 79 2381 r
101 2328 303 2390 communiter
330 2333 365 2389 ut
386 2331 531 2389 moneant
557 2327 595 2389 de
624 2325 715 2388 modo
736 2344 806 2389 cum
834 2325 972 2408 parochis
994 2345 1030 2388 ex

69 2437 80 2472 a
101 2417 238 2498 aequitate
262 2415 423 2493 servando,
443 2421 477 2479 ut
498 2416 576 2478 licite
598 2415 685 2478 detur
708 2415 855 2478 absolutio
875 2414 1030 2478 incorum

68 2525 80 2561 ι
102 2505 283 2585 parochia.»
301 2507 343 2567 ita
355 2506 446 2567 etiam
457 2506 491 2569 P.
508 2506 607 2586 Gury,
624 2515 658 2566 ιι0
671 2509 745 2578 aab,
762 2505 794 2566 in
809 2505 890 2565 nota.

103 2599 188 2657 1557.
212 2594 357 2668 Quamvis
378 2613 440 2656 non
460 2593 548 2677 pauci
571 2594 701 2675 theologi
719 2593 871 2656 tenuerint
883 2591 1030 2673 approba-

69 2684 174 2746 tionem
187 2683 330 2765 Episcopi
344 2701 464 2765 semper
478 2681 569 2746 luisse
590 2683 805 2754 necessariam,
822 2687 857 2743 ut
875 2679 975 2742 videre
988 2687 1032 2742 est

70 2773 142 2851 apud
154 2775 300 2854 Lequeux
314 2772 359 2852 (m
379 2775 466 2852 lot),
481 2779 583 2835 tnmen
606 2773 703 2854 magis
724 2769 926 2834 communiter
948 2770 1033 2832 susti-

71 2869 150 2924 netur
162 2880 231 2924 eam
247 2879 310 2922 non
324 2860 415 2922 luisse
427 2861 601 2943 requisitam
616 2861 722 2924 saltem
744 2879 797 2942 per
815 2859 902 2942 plura
924 2859 1033 2922 saecula

70 2957 131 3010 ante
144 2949 314 3013 Concilium
333 2949 465 3012 minent.
488 2953 513 3011 Α
527 2957 663 3031 tempore
684 2951 754 3013 verb
767 2950 893 3031 hujusce
907 2949 1032 3012 Concilii

71 3039 231 3102 necessmia
245 3045 291 3100 est
303 3037 444 3102 omnibus
457 3039 645 3102 confessariis
662 3039 714 3121 qui
735 3038 903 3122 parochiale
920 3037 1033 3101 beneti-

71 3127 144 3189 cium
158 3147 214 3192 seu
227 3127 361 3190 officium
375 3145 437 3191 non
455 3127 584 3204 baliam,
600 3127 653 3191 sed
667 3127 697 3190 id
711 3130 829 3192 tantum
847 3125 949 3210 quoad
975 3144 1032 3189 saa·

70 3215 180 3280 culares
192 3225 225 3280 et
237 3217 394 3280 moniales.

106 3307 154 3370 Sic
167 3313 270 3368 autem
284 3305 373 3368 babet
386 3305 552 3369 Concilium
565 3306 698 3370 Trident.
714 3309 799 3386 (sess.
818 3309 878 3384 23,
893 3323 960 3388 cap.
978 3309 1031 3388 l5,

72 3391 264 3476 derasum:
284 3415 299 3454 a
313 3396 452 3468 Quamvis
466 3397 630 3478 presbyteri
641 3396 671 3458 in
681 3395 929 3459 subordinatione
940 3398 957 3457 b
967 3416 1034 3478 pec·

72 3485 178 3546 »catis
200 3483 371 3546 absolvendi
395 3491 571 3566 potestatem
590 3485 753 3567 accipiant,
768 3484 905 3547 decernit
930 3490 1034 3548 tamen

75 3585 88 3626 t
109 3571 217 3635 Sanam
230 3571 370 3654 synodus
383 3573 513 3643 nullum,
530 3573 622 3635 etiam
641 3573 829 3654 regularem,
854 3589 942 3652 posse
959 3589 1033 3630 con-

76 3676 89 3716 r
108 3658 250 3724 terriones
262 3657 471 3740 saecularium,
486 3661 576 3724 etiam
589 3659 777 3723 sacerdotum
791 3657 907 3734 audire,
921 3671 981 3716 nec
994 3652 1034 3712 ad
