2522 3996
215 254 252 316 88
309 237 312 244 ’
432 271 567 315 aaronis
587 271 687 316 rorrua
706 271 788 316 sunrs
807 270 955 316 canorum.

215 389 229 428 a
254 367 323 428 verb
348 365 399 448 qui
421 363 594 428 nefanda...
616 366 801 447 usurpationi
824 365 1034 446 hujusmodi...
1050 387 1177 434 conscu-

215 477 230 518 ι
252 457 330 518 tiens
342 454 442 530 luerit,
457 455 569 516 eisdem
585 455 681 536 poenis
694 455 878 534 subjaceat.»

252 547 295 606 Ex
310 544 505 606 concessione
518 549 619 604 tamen
634 543 666 605 S.
683 543 768 605 Sedis
781 543 895 624 aliquid
906 545 982 625 juria
996 545 1027 608 in
1042 547 1179 610 adminis·

215 633 327 696 trandis
341 633 481 696 Ecclesiae
493 631 580 693 bonis
593 640 764 714 competere
777 639 874 713 potest
887 634 1021 696 saeculari
1033 641 1178 717 potestati.

255 727 344 785 1506.
360 722 482 796 Quaerit.
498 724 530 782 l⁰
543 720 619 792 Quid
635 723 727 802 possit
740 727 791 782 aut
803 720 911 783 debeat
922 721 1020 786 lacere
1035 725 1180 805 parochus

214 813 294 876 circa
307 810 502 893 temporalem
516 809 665 892 parochiae
679 827 741 872 suae
755 809 1064 874 administrationem?

252 904 343 982 Resp.
359 899 522 976 Parochus,
538 897 636 980 inquit
649 897 756 976 Bouir,
771 897 816 960 De
831 898 974 976 Pamelto,
989 919 1021 982 p.
1033 905 1180 978 6l5,ete.,

209 1011 235 1054 ,α
253 993 284 1051 l⁰
298 987 392 1050 Debet
404 989 605 1050 inventorium
619 987 716 1050 lacere
730 1004 844 1064 rerum,
859 986 1025 1067 bonorum,
1040 997 1069 1052 et
1083 991 1182 1054 reddi-

215 1101 230 1137 n
254 1083 340 1140 tuum
355 1077 391 1139 ad
402 1077 558 1140 ecclesiam
570 1076 833 1158 pertinentium...
845 1083 935 1158 atque
945 1077 1070 1156 hujusce
1083 1079 1184 1144 inven-

215 1188 230 1226 a
255 1167 321 1228 mrii
336 1185 432 1229 unum
442 1165 614 1247 exemplum
628 1167 777 1247 Episcopo
785 1164 914 1240 tradere,
925 1166 957 1226 in
971 1165 1101 1230 archivio
1109 1173 1184 1251 epis-

215 1277 231 1314 a
253 1256 350 1337 copali
364 1253 593 1331 asservandum,
608 1255 735 1316 alterum
745 1254 865 1334 propria
880 1272 972 1316 manu
983 1256 1183 1339 subscriptum

215 1367 230 1403 a
256 1352 333 1407 mter
347 1344 481 1405 ecclesia
494 1344 656 1424 scripturas
668 1343 808 1404 reddere.
823 1343 867 1404 De
880 1360 942 1424 quo
962 1343 1029 1406 vide
1041 1345 1183 1428 disposita

216 1454 231 1491 a
255 1432 286 1494 in
301 1432 386 1494 Bulla
400 1433 431 1493 S.
442 1431 486 1493 Pii
502 1433 538 1506 V,
551 1439 608 1493 etc.

255 1543 270 1580 a
283 1525 315 1582 2ο
324 1519 476 1582 Parochus
489 1521 658 1582 nullatenus
667 1518 830 1582 distrahere
840 1525 972 1602 potest...
984 1539 1033 1584 res
1042 1522 1080 1584 ad
1090 1519 1185 1588 eccle-

111 1631 112 1634 ¹
215 1631 231 1668 a
255 1609 331 1672 siam
354 1610 536 1691 pertinentes
559 1609 624 1670 sine
647 1609 768 1670 obtenta
790 1608 828 1669 ab
852 1609 1009 1671 Ordinario
1035 1609 1183 1676 licentii:

216 1721 231 1756 o
255 1715 346 1780 quam
357 1699 406 1760 ille
420 1717 481 1760 non
489 1698 574 1759 aliter
587 1695 752 1760 concedere
766 1696 896 1774 debebit,
911 1700 1039 1778 quamsi
1054 1701 1129 1762 alias
1139 1721 1186 1764 res

216 1808 231 1845 a
255 1787 393 1849 meliores
416 1793 467 1848 aut
493 1787 598 1846 saltem
624 1784 753 1866 aequales
778 1785 931 1848 inlocum
948 1789 1186 1854 aurovendarunr

216 1899 231 1934 a
255 1875 404 1958 parochus
418 1875 516 1955 reipsir
530 1873 702 1948 substituat,
718 1873 775 1934 nisi
787 1872 861 1936 iortc
870 1875 949 1952 justa
965 1875 1064 1957 aliqua
1079 1897 1185 1942 neces-

217 1987 232 2022 »
256 1965 327 2026 sitas
339 1979 425 2024 secus
439 1961 562 2023 suadeat
572 1961 653 2042 quod
666 1961 806 2043 Episcopi
815 1961 982 2044 prudentiae
993 1967 1185 2032 statuendum

217 2074 232 2110 a
256 2051 444 2132 relinquitur.
460 2071 475 2108 a
492 2052 535 2111 lta
548 2050 579 2110 S.
595 2050 667 2111 Pius
681 2053 715 2111 V.

257 2143 346 2202 teor.
366 2142 427 2201 «30
442 2137 505 2200 Sub
523 2138 842 2201 excommunicationis
859 2139 984 2220 aliisque
1001 2143 1186 2222 gravissimis

218 2251 232 2287 a
256 2227 353 2310 poenis
374 2227 567 2290 constitutum
585 2235 631 2288 est
652 2229 684 2288 in
707 2228 824 2290 Extrav.
844 2229 1023 2300 Ambitiosa.
1045 2230 1079 2292 de
1101 2234 1186 2296 rebus

218 2340 233 2376 s
256 2317 354 2378 eccles.
370 2335 426 2377 noo
438 2315 540 2390 alien,
556 2333 605 2389 ne,
620 2315 734 2395 absque
748 2317 920 2380 auctoritate
933 2319 1107 2399 apostolica,
1123 2323 1185 2384 ullo

218 2427 233 2464 a
258 2411 362 2486 paeto,
389 2405 468 2467 bona
487 2403 651 2465 immobilia
670 2404 747 2465 ultra
773 2405 935 2467 triennium
957 2407 1111 2479 locentur,
1133 2417 1186 2473 aut

218 2517 233 2552 a
258 2493 315 2554 atio
333 2495 449 2555 ratione
470 2491 674 2554 alienentur...
694 2493 823 2556 Nomine
843 2495 1031 2558 alienationis
1050 2499 1185 2580 intelligo

218 2603 233 2640 a
257 2601 380 2645 omnem
396 2589 497 2644 actum
517 2597 579 2660 quo
595 2579 764 2642 dominium
783 2581 826 2643 rei
844 2581 1011 2656 directum,
1027 2585 1072 2648 vel
1092 2590 1183 2664 utile,

219 2692 233 2728 a
258 2677 310 2732 aut
327 2669 532 2740 ususfructus,
555 2674 608 2728 aut
632 2685 704 2732 usus
734 2669 766 2730 in
789 2669 918 2732 alterum
936 2673 1114 2737 uanslertur
1134 2685 1184 2739 aut

217 2789 228 2819 a
254 2761 410 2823 atrdieatur
424 2764 444 2823 ¹.
463 2760 599 2842 (senata
610 2768 654 2824 eat
667 2779 797 2825 censura
809 2781 838 2826 c.
854 2764 956 2845 etpost.
973 2762 1085 2847 Sedis.)

252 2871 266 2908 a
292 2853 325 2910 4⁰
344 2851 375 2910 ln
392 2849 573 2912 alienatione
591 2869 693 2914 rerum
707 2853 882 2914 tenuiorum
907 2851 987 2934 (quae
1007 2871 1068 2914 non
1089 2871 1181 2932 exce

212 2960 226 2998 a
250 2937 1178 3026 dunt25scutorumaureorumralorem,licetimmobilium),

212 3049 226 3088 a
250 3027 360 3090 sufficit
386 3028 475 3110 (sieut
498 3047 554 3107 pro
578 3029 752 3110 mobilibus)
778 3030 896 3092 licentia
919 3031 1092 3107 ordinarii,
1123 3051 1185 3094 non

211 3136 225 3174 a
249 3122 351 3180 tamen
368 3117 475 3179 Vicarii
488 3118 652 3180 Generalis.
667 3139 684 3177 a
701 3117 761 3180 Sed
771 3117 838 3180 vide
848 3118 925 3181 inira
934 3119 1063 3182 dicenda
1072 3119 1182 3199 (29151

237 3252 246 3280 ¹
263 3248 331 3301 Circa
350 3255 414 3296 nane
431 3244 561 3309 Extrema.
581 3241 617 3292 aie
634 3241 708 3292 lubet
719 3241 862 3302 lieillenst.‚
875 3241 918 3292 lib.
932 3243 956 3304 3,
970 3245 1008 3294 tit.
1023 3247 1069 3308 13,
1083 3261 1113 3296 no
1127 3252 1173 3301 32:

210 3339 220 3368 ι
239 3320 273 3370 lle
284 3315 480 3372 consuetudine,
499 3313 632 3378 prasertim
645 3313 669 3362 in
680 3312 807 3363 Germanii
822 3318 846 3362 et
860 3313 921 3364 locis
934 3313 963 3364 ab
981 3315 1045 3368 Urbe
1057 3322 1175 3379 remotis,

210 3389 281 3439 aubi
297 3387 403 3438 difficilia
418 3384 499 3435 aditus
517 3384 548 3434 ad
565 3383 654 3448 Papam
672 3389 722 3444 est,
737 3383 801 3433 dicta
822 3385 986 3450 Extraragans
1008 3395 1105 3454 recepta
1124 3407 1175 3441 non

211 3481 221 3506 ι
237 3467 289 3518 est,
301 3459 387 3508 saltem
398 3457 478 3522 quoad
490 3455 651 3505 bocutetiam
665 3453 791 3504 interiores
811 3453 905 3504 Praelati
922 3456 1048 3522 Episcopis
1065 3459 1176 3526 subjecti

212 3551 221 3574 a
239 3535 367 3578 teneantur
384 3525 409 3576 ln
425 3525 546 3591 ejusmodi
567 3525 755 3586 alienationibus
776 3539 924 3574 consensum
935 3527 1005 3592 Papa
1022 3531 1172 3593 exquirere:

211 3620 221 3644 ι
240 3599 302 3647 adeo
320 3605 348 3648 ut
366 3591 399 3646 ibi
418 3590 524 3646 sufficiat
538 3609 674 3646 consensus
693 3592 816 3658 lipiacopi.
832 3613 843 3642 ι
858 3594 909 3645 Sati
921 3596 975 3646 vida
992 3597 1095 3648 dicenda
1109 3600 1174 3650 intra

209 3664 289 3736 uara.
303 3665 371 3724 aaa.
