2486 3984
443 237 530 286 umen
550 238 669 286 rasurus.
996 225 1048 287 lit

89 335 178 400 banda
192 343 273 400 sunt.
289 336 452 401 Deducitur
468 338 632 420 presertim
647 355 683 399 ex
698 337 825 400 Decreta
839 334 877 402 ad
894 340 1049 403 drmeuos.

90 427 153 489 l'idc
167 429 278 490 llallier
300 429 329 490 in
346 429 440 492 Cursu
460 427 599 510 completo
619 425 719 500 theol,
738 435 811 489 tom.
834 432 882 504 11,
902 429 960 490 col.
984 434 1054 493 151.

87 517 145 578 lnul
155 517 483 600 Theologia'lolosana,
498 517 540 580 De
554 515 674 586 Ordine,
686 534 753 596 rap.
770 521 799 586 1,
812 525 867 579 art.
880 523 911 590 2,
927 525 1011 599 putat
1020 519 1057 581 ad

88 609 235 669 materiam
258 605 379 670 Ordinis
398 605 583 688 Episcopalis
598 606 748 688 pertinere
770 607 943 668 unctionem
967 607 1057 670 chris·

88 697 168 757 malis
189 696 353 778 incapite,
373 695 565 757 traditionem
585 695 682 758 baculi
705 696 861 777 pastoralis
881 703 911 758 et
934 697 1055 772 annuli;

88 785 219 856 nonnisi,
246 786 370 867 inquit,
393 791 462 867 post
481 785 657 847 unctionem
680 783 870 862 chrismatis,
892 783 1058 866 Episcopus

88 871 192 1026 qlgcotus
209 881 335 939 vocatur
354 880 565 950 consecratus3
585 873 639 936 sed
661 875 770 956 parlim
790 873 907 937 videtur
930 873 1057 956 probare

157 964 244 1027 ratio.

123 1056 207 1116 1131.
231 1051 355 1127 Quaerit.
375 1055 408 1115 2·
426 1053 571 1126 Quisnam
593 1053 633 1115 sit
652 1051 771 1115 Ordinis
790 1051 977 1136 Episcopalis
998 1053 1057 1116 mi·

91 1139 195 1204 nuur'l
208 1145 246 1206 Et
260 1163 324 1225 qno
337 1142 386 1206 die
399 1142 529 1206 conteni
543 1141 651 1206 debeat
664 1143 680 1203 1

123 1233 208 1315 llesp.
226 1235 258 1295 l⁰
275 1255 291 1292 u
309 1233 476 1315 Episcopus
496 1251 555 1294 non
575 1237 672 1314 polest
685 1229 781 1293 valida
795 1231 927 1294 ordinari
948 1233 1004 1294 nisi
1020 1232 1058 1294 ab

88 1341 102 1379 n
123 1319 177 1384 alio
192 1322 356 1405 EpiscopO,
366 1339 403 1384 ex
420 1325 523 1404 Apost.
539 1323 575 1383 ad
593 1322 705 1397 Habe,
717 1341 745 1385 a.
761 1321 935 1403 'leujord
947 1323 1058 1384 minore

89 1429 175 1471 anon
204 1411 397 1474 benedicatur.
427 1413 469 1473 lta
496 1412 736 1473 communiter...
767 1410 812 1471 lld
838 1411 929 1472 talem
957 1420 1057 1473 autem

90 1519 103 1557 a
124 1499 345 1564 ordinationem
364 1501 450 1583 plura
470 1507 674 1570 concurrunt,
690 1517 800 1580 nempe
822 1499 972 1581 impositio
991 1501 1056 1563 iibri

89 1609 102 1646 s
124 1591 357 1672 Evangeliorum
369 1609 459 1672 super
475 1589 613 1671 scapulas
627 1587 806 1664 ordinandi,
821 1590 924 1650 unctio
938 1608 1057 1654 coronae

88 1700 102 1736 r
123 1677 247 1742 ordinati
263 1688 294 1742 et
308 1679 618 1761 impositiomanuum
633 1677 724 1739 trium
739 1677 968 1758 Episcoporum.
984 1681 1059 1742 Item

88 1788 102 1826 a
122 1769 236 1831 traditio
254 1769 357 1832 baculi
377 1775 406 1830 et
420 1767 590 1830 annuli...»
612 1769 643 1829 S.
656 1767 777 1848 Lignor.
796 1766 846 1828 lib.
869 1769 904 1843 6,
921 1769 955 1827 n⁰
973 1772 1042 1831 155.

89 1857 127 1918 lle
151 1859 331 1940 antiquitate
366 1857 485 1920 illarum
520 1857 790 1936 ceremoniarum,
824 1855 891 1918 vide
927 1857 1059 1922 Ferraris

89 1947 124 2025 (rt
136 1948 343 2031 Episcopatus,
360 1955 394 2008 n⁰
408 1950 437 2029 6)
449 1967 456 2024 ;
471 1945 554 2008 Hist.
570 1945 618 2008 des
631 1952 815 2024 succensente,
831 1946 863 2007 in
879 1945 974 2009 Cursu
987 1967 1059 2010 corn·

86 2033 158 2116 plato
172 2037 281 2114 theol„
295 2044 371 2100 tom.
387 2039 437 2114 10,
453 2036 511 2098 col.
528 2039 599 2112 817,
613 2042 671 2098 etc.
706 2085 712 2098 .
917 2035 920 2042 ’

123 2129 154 2186 2⁶
166 2127 247 2190 Ordo
261 2125 450 2207 Episcopalis
469 2124 598 2187 conferri
612 2123 702 2186 debet
722 2123 770 2186 die
784 2124 953 2202 Dominicl,
970 2127 1058 2190 Nata-

89 2211 152 2276 litiis
166 2215 383 2299 Apostolorum
396 2221 426 2278 cl
439 2214 505 2277 aliis
517 2213 613 2277 Fastis
632 2213 670 2276 de
690 2219 850 2296 precepto.
866 2217 910 2276 lta
930 2215 1059 2300 Pontifi-

90 2303 156 2366 aule.

126 2398 211 2458 1135.
227 2394 355 2469 Ouaerit.
368 2397 400 2456 3⁰
415 2396 463 2456 dn
477 2393 515 2456 ad
526 2393 658 2456 valorem
668 2393 864 2456 ordinationis
874 2394 1060 2478 Episcopalia

90 2482 217 2564 exigatur
229 2501 354 2566 semper
365 2483 457 2546 trium
471 2484 690 2565 Episcoporum
706 2483 897 2545 assistentia?

127 2574 214 2656 Resp.
240 2578 274 2638 l·
295 2574 418 2648 Certum
431 2591 497 2636 esse
515 2573 593 2636 hanc
613 2571 725 2654 requiri
740 2589 777 2634 ex
795 2573 969 2635 nmessitate
982 2594 1059 2655 prae·

91 2664 176 2744 cepti,
191 2683 229 2728 ex
245 2664 370 2727 Nicolao
384 2668 413 2739 l,
427 2681 494 2745 cap.
511 2668 542 2740 1,
558 2665 687 2724 etGonc.
705 2660 845 2742 Carthag.
857 2667 887 2732 2,
904 2681 970 2743 cap.
987 2669 1017 2724 ’1.

125 2754 292 2817 &Certum
307 2752 423 2815 ridetur
437 2753 469 2814 in
483 2771 555 2815 casu
570 2749 753 2814 necessitatis
765 2749 861 2811 aalide
877 2749 939 2811 deri
956 2770 1059 2815 conse·

92 2843 249 2905 arationem
265 2842 304 2904 ab
319 2861 392 2919 uno,
403 2859 441 2905 ex
454 2843 667 2906 commissione
681 2841 711 2902 S.
728 2838 892 2901 Pontificis.
902 2841 945 2903 lta
958 2843 1056 2920 Croix;

92 2930 229 2995 Salmant.
241 2949 315 2995 cum
326 2931 391 2994 aliis
405 2931 466 2994 lere
479 2933 692 3006 communiter,
701 2934 806 2991 contra
820 2929 882 2991 Pal.
895 2933 1057 3011 et-drersa3

92 3019 130 3082 sic
148 3023 244 3104 egisse
267 3019 426 3103 Apostolos
449 3022 521 3083 clrm
542 3021 705 3101 Episcopos
725 3017 905 3081 ordinabant
926 3039 1060 3085 commu·

94 3109 163 3172 niter
175 3111 313 3174 docetur.
331 3111 381 3172 Sic
397 3129 493 3192 nuper
510 3128 592 3172 anno
607 3112 702 3182 1831,
720 3111 873 3172 dreniono
894 3113 1059 3174 consecrati

92 3194 168 3262 luere
177 3201 240 3263 nu.
257 3198 449 3264 d’Humieres
461 3199 711 3282 archiepiscopus
721 3199 939 3261 Arausionensis
953 3209 982 3262 et
995 3202 1058 3264 un.

92 3286 149 3369 lley
162 3291 331 3372 Episcopus
344 3287 542 3352 Divionensis.

129 3381 214 3442 1136.
246 3381 338 3442 Extra
364 3397 468 3441 casum
495 3375 679 3440 necessitatis
704 3383 734 3440 et
755 3377 821 3440 sine
847 3377 1061 3445 commissione

93 3463 186 3550 Papae,
201 3487 250 3532 res
263 3477 309 3532 est
321 3467 414 3532 dubia
430 3487 437 3530 :
453 3468 502 3530 alii
517 3467 621 3531 dicunt
635 3475 696 3529 tres
705 3469 833 3530 omnino
847 3469 958 3548 requiri
974 3471 1060 3551 Epis·

94 3565 227 3636 copos,et
240 3559 371 3642 probant
384 3577 421 3620 ex
436 3557 568 3640 Epistola
581 3559 699 3638 lPapae
713 3557 851 3632 Damasi,
867 3557 918 3617 ubi
933 3557 1058 3619 dicitur:

100 3645 207 3717 «Oudd
221 3651 303 3710 onim
318 3647 459 3730 Episcopi
473 3664 536 3709 non
550 3645 624 3723 sint,
640 3644 692 3726 qui
707 3644 810 3708 minus
824 3647 917 3726 quarn
932 3647 950 3705 a
963 3646 1059 3706 tritius
