2528 3996
350 333 353 342 ·
463 335 550 384 arnan
569 337 687 384 raruus.
1004 322 1064 384 023

97 435 171 498 diatd
192 435 224 498 in
239 433 414 498 auctoritate
427 431 604 496 constitutos
618 479 626 509 ,
641 429 779 495 videlicet
792 431 915 495 Saulem
926 477 935 511 ‚
948 430 1062 510 David,

97 523 295 587 Salomonem.
309 557 349 569 -
360 521 534 604 Supradicta
549 527 651 583 tamen
667 521 705 582 ab
721 521 864 584 omnibus
876 538 939 584 non
958 521 1066 585 admit·

97 619 206 677 turtur.
222 612 341 675 Vidatt.
358 611 396 674 de
408 613 463 687 tt,
477 617 552 672 tom.
563 617 598 688 2,
613 631 644 691 p.
661 613 729 675 13³.

134 705 221 766 otoo.
245 702 365 775 Ouaerit.
382 705 413 763 2⁰
429 703 475 761 An
490 705 621 781 potestas
634 701 727 763 ciritis
741 700 842 783 atiquo
856 699 948 765 modo
961 700 1065 766 subor-

97 791 194 855 dinata
207 791 244 854 sit
258 789 423 853 auctoritati
438 789 581 870 spirituali
595 808 648 852 seu
662 789 827 852 ucctesiaet

135 883 223 964 itesp.
241 883 271 942 {⁰
286 881 407 942 Certum
421 876 501 940 etde
519 877 578 940 tide
593 884 638 940 est
658 879 738 940 ittam
753 879 941 944 subordinari
958 882 1065 946 Ecole-
1129 881 1133 890 '

98 970 147 1035 siae
161 973 192 1032 in
201 969 343 1032 omnibus
352 968 451 1030 causis
464 985 533 1048 quaa
546 965 584 1029 ad
598 967 776 1049 religionem
793 969 953 1050 pertinent.

136 1063 167 1122 2⁰
188 1060 309 1121 Certum
322 1064 366 1120 cst
380 1058 471 1119 etiam
494 1075 583 1119 usum
602 1057 754 1138 potestatis
770 1058 945 1140 temporalis
964 1059 1064 1142 subja·
1122 1120 1125 1126 .

99 1167 165 1212 oere
183 1147 295 1228 judicio
314 1145 473 1222 Ecclesia,
488 1153 637 1227 quatenus
650 1147 775 1226 quaestio
789 1148 902 1210 moveri
917 1155 1014 1230 potest
1026 1167 1065 1212 an

99 1236 269 1316 hujusmodi
279 1253 353 1298 usus
363 1235 416 1307 sit,
434 1252 542 1312 necne,
554 1233 610 1314 tegi
625 1233 795 1297 christiana
807 1237 981 1300 conformis.
992 1239 1066 1302 Vide

101 1327 216 1390 Buttam
233 1324 326 1388 Unum
339 1332 483 1398 sonetum,
499 1329 530 1385 ct
549 1341 617 1404 qum
636 1323 767 1386 diximus
787 1343 877 1406 supra
897 1329 1063 1410 (odd-700).

139 1419 170 1478 3ο
192 1418 324 1476 Potestas
337 1412 488 1476 saecularis
502 1431 563 1474 non
573 1411 784 1475 subordinatur
797 1415 961 1476 auctoritati
976 1417 1065 1497 spiri-

101 1504 170 1568 tuaii
196 1504 313 1584 quoties
336 1502 434 1583 agitur
455 1500 493 1564 dc
515 1508 584 1563 actu
606 1503 689 1562 mere
708 1502 865 1583 temporati
897 1502 1066 1568 nullatenus

103 1593 137 1656 ad
149 1594 199 1672 jus
212 1592 347 1654 divinum
359 1599 410 1653 aut
422 1591 657 1654 ecclesiasticum
672 1590 843 1672 pertinenti.
