2522 3992
448 251 536 296 brunia
556 263 573 294 ι’
575 265 663 296 nnnnn
667 268 674 294 r
983 237 1042 301 505

76 347 168 414 Statui
182 350 335 432 religioso.
351 349 440 411 etiem
456 346 657 418 strictedictc.
673 365 735 410 non
749 357 912 430 repugnat:
927 359 1043 418 contra-

73 441 151 503 rium
161 441 233 501 olim
249 439 386 500 nonnulli
398 445 570 504 tenuerunt,
583 437 625 497 uti
637 437 735 500 videre
745 448 788 500 est
802 458 850 521 ap.
862 443 893 503 S.
907 442 1041 523 Lignum,

74 530 125 591 lib.
148 535 183 604 4,
208 543 241 590 n⁰
264 532 316 602 l5;
341 526 393 588 sed
416 527 459 587 sic
480 525 535 587 lert
558 525 645 587 hodie
668 527 815 590 sententia
841 532 1039 594 communiter

73 626 192 700 recepta
208 638 215 679 :
232 623 261 680 et
283 617 359 682 ratio
372 623 417 678 est
434 617 506 697 quia
521 614 545 676 is
558 633 620 676 non
634 616 695 697 agit
714 625 818 679 eontra
837 625 1038 699 paupertatem

73 709 164 768 etiam
178 707 265 790 primi
285 703 396 787 gradus
409 705 461 785 qui
479 703 565 765 bonis
584 722 645 766 non
659 706 752 767 utitur
773 706 829 768 nisi
848 725 919 770 cum
933 709 1037 792 depen-

74 795 175 858 demit
188 795 394 880 Superioruni.
492 799 494 805 '

113 888 278 948 min-3⁰
291 881 525 946 controvertitur
537 887 639 945 utrum
654 884 853 964 peculiorum
863 905 919 949 usu
933 886 1040 969 depen-

74 974 156 1038 denti
171 973 280 1036 luerint
293 971 472 1054 probibitad
491 972 624 1034 Concilio
641 972 818 1035 Tridentino
834 993 841 1034 ε
863 975 1044 1056 probabilior

74 1064 189 1126 ridetur
203 1063 349 1125 sententia
363 1061 515 1123 affirmans
527 1079 535 1120 ε
546 1079 616 1122 narn
628 1059 659 1122 in
672 1061 805 1124 Concilio
817 1063 963 1142 Trident,
978 1065 1045 1129 loco

74 1153 164 1215 citato
174 1154 273 1230 larsa)
282 1151 390 1213 dicitur
403 1171 410 1211 :
422 1150 544 1212 Nemini
553 1151 676 1212 liceat...
691 1150 813 1228 buno...‚
827 1152 916 1213 etiem
929 1155 1045 1216 nomine

74 1243 234 1312 conventus,
243 1241 389 1324 possidere
403 1239 449 1302 uel
463 1248 569 1301 tenere.
586 1239 769 1320 Responderi
785 1249 881 1321 polest
893 1242 1045 1324 prohiberi

74 1332 197 1414 quidem
212 1333 229 1394 d
244 1329 366 1412 Syncdo
382 1348 420 1391 ne
439 1327 598 1410 religiosus
607 1328 757 1410 peculium
777 1329 897 1411 aperlae
916 1321 1043 1410 habeut,

75 1430 103 1484 et
129 1420 245 1503 injungi
268 1427 303 1482 ut
329 1419 367 1482 ad
390 1419 583 1500 Superiorem
606 1416 775 1494 deleratur3
797 1436 858 1480 non
882 1428 982 1482 autem
1006 1440 1045 1486 nc

76 1510 182 1574 babeat
196 1510 306 1592 aliquid
319 1508 398 1590 apud
406 1507 599 1589 Superiorem
613 1505 794 1587 depositum
806 1506 858 1568 sed
872 1507 942 1571 huic
952 1509 1045 1573 inter·

78 1599 235 1681 pratalioni
253 1599 365 1682 opponi
383 1603 511 1680 possunt
529 1595 618 1658 verba
638 1595 844 1676 conventur'que
864 1597 1046 1680 incorporeo·

78 1698 144 1760 tur,
176 1708 244 1770 quae
267 1690 332 1751 ritae
359 1687 531 1750 eommunis
558 1685 776 1764 injunctionem
805 1690 835 1746 et
859 1687 1046 1766 peculiorum

76 1777 317 1842 interdictionem
340 1795 447 1840 sonare
467 1775 615 1836 ridentur.
641 1772 716 1836 Vide
739 1791 787 1855 ap.
812 1775 849 1834 D.
876 1775 970 1837 Bouix
991 1775 1046 1856 (Dr

76 1867 227 1950 Repetam,
242 1875 312 1930 lom.
335 1868 363 1934 l.
379 1886 409 1948 p.
426 1867 516 1942 544);
535 1869 564 1924 et
579 1881 627 1944 ap.
645 1863 676 1924 S.
691 1863 812 1942 Lignor.
828 1862 903 1940 (ill.
949 1903 954 1912 -

114 1961 281 2020 4455--4ο
290 1957 410 2018 Certum
418 1962 462 2016 est
468 1951 594 2035 peculia,
606 1953 695 2013 etiam
708 1969 778 2014 cum
786 1952 1044 2036 usudependenti,

76 2048 167 2111 luisse
191 2049 208 2109 d
231 2046 384 2108 Clemente
405 2043 468 2104 lllll
491 2060 545 2125 per
563 2043 723 2104 Decretum
744 2039 854 2102 Nullus
877 2043 1043 2123 prohibita:

76 2139 216 2200 evolvens
233 2136 314 2199 enirn
336 2140 367 2196 et
392 2133 540 2194 innovans
560 2131 712 2213 praelatam
736 2131 860 2192 Consilii
879 2132 1045 2196 Tridentini

76 2227 301 2309 dispositionem
315 2223 397 2286 addit
412 2242 420 2283 :
441 2245 456 2280 a
470 2223 513 2283 Ea
533 2221 634 2283 omnia
649 2219 766 2298 (bona)
780 2220 878 2282 statim
893 2221 1044 2303 Superiori

77 2339 93 2376 o
117 2317 311 2378 tradanturet
320 2310 479 2377 conventui
494 2310 737 2390 incorporentur,
753 2315 843 2390 atque
856 2329 919 2372 rum
933 2313 1046 2374 certeris

77 2429 92 2467 o
118 2406 197 2468 illius
214 2404 322 2479 bonis,
343 2399 529 2476 redditibus,
551 2397 688 2480 pecuniis
706 2415 742 2459 ac
762 2399 954 2478 proventibus
972 2419 1045 2462 con·

76 2520 91 2556 r
117 2486 1046 2576 tundantur:quoeommuntsindevictuselvestitusomntbus

76 2605 92 2645 r
117 2585 299 2668 suppeditari
314 2583 416 2666 possit.
433 2601 448 2640 n
466 2580 561 2658 Ergo,
577 2583 634 2638 etc.

117 2680 206 2740 2757.
224 2679 361 2738 Attamen
376 2673 407 2734 5ο
420 2672 465 2732 ux
487 2663 706 2730 consuetudine
725 2669 755 2726 et
768 2662 854 2726 Sedis
869 2665 1047 2745 Apostolicae

76 2766 178 2847 praxi,
208 2766 239 2828 iu
261 2763 398 2847 pluribus
419 2755 626 2826 monasteriis,
653 2760 822 2835 perseverat
851 2753 950 2818 adhuc
976 2774 1048 2819 usus

77 2855 280 2936 peculiorum,
299 2860 330 2916 et
342 2850 439 2912 licitus
452 2854 495 2909 est
506 2845 591 2925 juxta
605 2845 636 2906 S.
653 2843 772 2924 Lignor.
794 2841 861 2923 (lib.
883 2847 914 2921 4,
931 2855 966 2906 n·
986 2847 1045 2925 45).

75 2947 205 3026 lpsemet
223 2945 361 3006 Clemens
374 2936 456 3012 vlll,
471 2935 502 2997 in
522 2936 647 2995 Decreta
666 2932 704 2994 ab
726 2930 833 2994 eodem
856 2933 887 2994 S.
908 2933 1048 3016 Lignaria

75 3033 190 3112 relato,
204 3031 363 3094 declaravit
382 3047 390 3089 :
411 3047 426 3086 u
439 3022 585 3088 Moniales
603 3022 694 3097 verb,
713 3039 819 3102 quae...
842 3021 874 3084 in
893 3031 1047 3104 posterum

76 3147 91 3184 n
115 3122 310 3184 admittentur
333 3116 424 3181 iniis
440 3111 649 3190 monasteriis,
671 3110 703 3170 io
726 3109 831 3192 quibas
850 3111 1048 3174 roboratiores

76 3234 91 3271 a
117 3211 297 3280 retinentur,
315 3207 482 3270 nullatenus
495 3202 593 3264 invilae
601 3207 747 3282 cogantur
759 3199 798 3262 ad
812 3200 901 3262 vitam
912 3219 1049 3263 commu·

76 3325 91 3361 o
117 3289 1048 3376 nem.aldemconstatpariterpluribusaliis‚etiambSS.Pon·

77 3389 208 3453 tilicibns
229 3388 375 3452 emanatis
397 3385 449 3468 qui
474 3381 532 3464 legi
553 3386 677 3461 possunt
699 3378 779 3460 apud
807 3381 844 3440 D.
870 3377 965 3440 Bouix
989 3377 1047 3458 (Dr

76 3480 235 3561 Repular„
249 3485 325 3541 torn.
341 3480 375 3552 2,
388 3495 418 3558 p.
435 3473 581 3546 545548)
598 3489 605 3530 :
626 3469 767 3530 ullmnes
782 3467 983 3540 conueniunt,
999 3466 1046 3528 in·

77 3590 92 3628 ι
116 3569 183 3651 quit
196 3570 227 3632 S.
243 3567 365 3648 Lignor.
381 3564 445 3642 (lib.
460 3567 497 3638 4,
519 3563 552 3620 n⁰
574 3561 634 3634 45),
650 3557 732 3639 qudd
751 3557 781 3618 in
803 3556 838 3618 iis
851 3555 1045 3618 conventibus

78 3676 92 3720 r
117 3656 273 3740 inquibus
288 3672 349 3716 non
367 3653 540 3715 observatur
559 3648 619 3708 vita
635 3644 807 3709 communis
829 3645 869 3704 ob
887 3651 1043 3726 paupertas·

195 3777 225 3818 r.
242 3775 274 3815 n.
871 3751 907 3806 lll
