2522 3996
221 229 260 290 11]
440 244 580 290 uacuam
600 245 701 292 scrius
721 245 804 292 runis
825 243 971 306 canonici.

219 340 327 418 habat;
343 342 452 405 sufficit
465 349 566 405 autem
577 341 721 404 habitatio
730 343 770 405 30
787 341 927 418 dicrum,
945 360 982 404 ex
995 339 1198 409 declaratione

220 431 317 494 Sacra*
340 429 588 514 Congrcgationis
607 432 731 494 Concilii
751 433 768 493 a
791 431 936 513 Fagnano
957 431 1111 493 1111111.-
1124 433 1198 498 Vide

220 521 382 598 Analecta,
396 523 477 602 ianr.
496 525 589 598 1856,
606 521 664 584 col.
683 525 770 584 1889.

259 614 347 673 tart.
372 612 492 683 Quaerit.
518 615 548 672 1⁰
563 610 710 684 Quisnam
723 610 762 672 sit
775 609 875 691 quoad
889 609 1118 674 matrimonium
1131 631 1198 694 pro

219 697 303 779 prius
313 701 484 782 parochus?

258 791 348 870 Hesp.
378 793 409 850 1ο
432 791 505 852 Esse
529 788 697 872 parochum
724 805 785 850 non
810 787 954 869 originis,
980 789 1032 852 sed
1055 789 1198 854 domicilii

222 877 343 956 (bened.
360 879 445 954 XlV,
461 878 599 939 Institut.
625 879 682 954 33,
707 888 741 938 n⁰
759 879 809 956 6);
834 893 896 939 non
920 884 1022 940 umen
1041 897 1096 961 per
1118 879 1200 944 hunc

219 965 337 1034 excludi
365 965 410 1028 vel
442 967 473 1028 S.
508 966 705 1043 Pontificem,
729 958 776 1028 rel
798 966 1006 1047 Episcopum,
1029 968 1077 1030 vel
1105 968 1200 1050 ipsius

221 1053 372 1116 Vicarium
388 1056 581 1130 Generalem,
597 1055 643 1118 vel
659 1055 810 1118 Vicarium
825 1055 1037 1136 capitularem.

260 1144 373 1205 Dicitur
387 1145 419 1206 in
434 1145 543 1207 Rituali
557 1145 714 1207 bellicensi
730 1147 814 1222 (tom.
829 1148 862 1220 l,
879 1163 908 1224 p.
926 1149 1003 1214 390,
1019 1147 1090 1208 edit.
1107 1151 1197 1230 1839)

178 1301 179 1304 ¹
220 1239 249 1294 et
263 1233 467 1295 Valentinensi
480 1236 520 1315 (p.
533 1236 603 1312 115)
614 1233 854 1296 benedictionem
866 1253 953 1314 posse
962 1234 1026 1296 dari
1040 1237 1199 1318 hparocho

221 1321 277 1384 loci
292 1322 342 1383 ubi
358 1323 569 1386 contrahentes
583 1330 671 1385 antea
685 1322 878 1395 habitabant,
895 1323 919 1384 si
934 1341 984 1386 sex
997 1329 1121 1388 'menses
1136 1345 1199 1390 non

77 1485 78 1488 Ἴ
220 1411 390 1473 effluxerint
403 1414 421 1473 ia
434 1412 483 1474 die
498 1432 559 1494 quo
574 1415 591 1474 a
605 1412 686 1474 dicto
700 1411 766 1474 loco
778 1419 968 1474 recesserunt
976 1433 984 1488 ;
1001 1413 1053 1476 sed
1067 1414 1125 1476 hoc
1137 1415 1200 1480 dic-

106 1517 107 1520 ¹
221 1506 285 1562 tum
300 1519 361 1562 non
377 1501 494 1563 videtur
511 1501 626 1564 veritati
650 1507 695 1562 sat
720 1519 906 1582 congruere,
935 1503 1006 1563 cbm
1025 1502 1198 1582 hujusmodi

189 1659 190 1662 Ἴ
221 1589 341 1670 parochi
357 1609 419 1652 non
434 1591 493 1652 sint
514 1591 645 1673 amplius
668 1590 789 1671 parochi
807 1589 1069 1668 contrahentium,
1086 1599 1117 1654 ct
1130 1613 1199 1654 con-

219 1677 337 1740 suetodo
360 1679 522 1741 habilitare
543 1700 600 1741 non
623 1679 718 1741 valent
741 1679 825 1738 illum
843 1679 897 1762 qui
914 1699 971 1740 non
993 1689 1034 1741 cst
1054 1683 1201 1762 parochus

221 1767 464 1845 contrahentium,
480 1768 521 1830 cd
531 1769 763 1848 confirmandum
777 1776 990 1830 sacromentum
997 1770 1198 1850 matrimonii,

222 1859 334 1918 nec·sit
356 1857 525 1932 tolerando,
548 1863 583 1920 ut
604 1855 717 1919 decidit
740 1859 832 1919 Sacra
855 1858 1053 1939 Congregatio
1073 1860 1199 1923 Concilii

221 1949 254 2008 31
274 1947 344 2008 maii
361 1949 456 2023 liOl,
473 1953 562 2028 prout
575 1946 740 2009 reseremus
755 1946 832 2008 inira
848 1949 956 2026 (1360).
973 1947 1060 2011 Unda
1075 1948 1107 2008 in
1122 1967 1199 2013 casu

221 2034 456 2097 examinandum
469 2042 514 2096 est
527 2054 565 2096 an
581 2035 732 2097 licentiam
749 2035 866 2097 dederit
888 2035 1037 2117 parochus
1050 2035 1200 2100 domicilii

221 2125 266 2186 vel
280 2123 470 2186 habitationis
483 2123 623 2198 actualis,
638 2124 685 2186 vel
700 2123 794 2206 ipsius
809 2125 977 2206 Episcopus
999 2131 1050 2187 aut
1073 2126 1201 2189 Ordina-

222 2213 427 2276 rius.-luxta
440 2213 691 2276 consuetudinem
706 2213 738 2274 in
753 2213 846 2274 Gallia
860 2213 1029 2294 vigentem,
1047 2215 1201 2294 parochus

222 2310 361 2365 censetur
387 2303 558 2365 consentire
584 2309 616 2364 ut
644 2303 714 2364 alibi
739 2302 965 2364 matrimonium
993 2303 1198 2380 contrahatur,

221 2392 343 2472 quando
366 2391 537 2456 bannorum
560 2392 780 2454 attestationem
801 2389 893 2454 tradit
914 2393 1043 2473 sponsis.
1064 2395 1202 2457 —Vide

221 2481 374 2561 Laqueus,
392 2479 433 2541 η’·
447 2483 506 2544 659
521 2485 550 2542 et
563 2485 634 2544 660.
1037 2527 1039 2532 -
1249 2527 1250 2588 p

261 2573 292 2631 κ’
314 2570 370 2642 Oui
384 2569 572 2632 domicilium
586 2570 676 2636 habet
690 2571 721 2632 in
735 2570 853 2633 duabus
867 2568 1028 2651 parochiis,
1044 2571 1202 2636 matrimo

223 2659 306 2721 nium
312 2665 410 2740 potest
418 2657 594 2721 contrahere
604 2677 707 2721 coram
715 2677 751 2721 eo
759 2659 900 2742 parocho,
913 2659 944 2720 in
953 2659 1040 2738 cujus
1048 2660 1202 2724 territorio

221 2747 313 2830 degit,
329 2748 452 2830 quando
471 2747 620 2810 contrahit
633 2747 758 2826 (Bened.
773 2751 859 2823 XIV,
875 2749 978 2812 Instat.
995 2749 1054 2828 33).

262 2841 351 2900 1375.
367 2873 406 2884 -
420 2841 451 2900 3⁰
471 2837 587 2900 Sufficit
603 2838 762 2920 praesentia
780 2836 903 2919 parochi
926 2837 1018 2899 unius
1041 2837 1058 2898 ὸ
1082 2846 1201 2904 contra·

221 2924 377 3004 bentibus,
388 2927 478 2990 etiam
493 2927 524 2987 in
539 2926 660 2989 alterius
672 2926 815 3008 parochia
830 2925 975 3006 (decisum
990 2927 1109 2988 aSacrt
1123 2929 1202 2991 Con·

221 3018 395 3099 gregatione
410 3016 533 3079 Concilii
549 3020 585 3078 15
600 3014 737 3078 decemb.
755 3017 852 3094 1571).
870 3014 1030 3076 Decentihs
1044 3021 1145 3078 tamen
1166 3018 1200 3081 m

221 3107 253 3168 in
281 3106 439 3188 prasentia
458 3103 580 3187 parochi
606 3123 735 3186 sponsae.
754 3103 881 3165 -Vide
905 3105 1145 3183 nequeuntem.
1159 3141 1200 3152 -

221 3197 252 3259 S.
265 3194 425 3278 Lignorius
438 3195 500 3276 (lib.
514 3198 549 3272 6,
566 3205 599 3254 nt
614 3195 703 3274 1087)
718 3193 820 3256 addit:
837 3193 927 3254 Recte
941 3190 1047 3254 dicunt
1064 3194 1201 3258 Sancbez

220 3291 250 3348 ct
264 3285 401 3364 Bossius,
417 3303 454 3347 ex
467 3285 595 3344 Decreto
609 3284 640 3345 S.
658 3284 751 3364 Cong.
773 3281 899 3344 Concilii
922 3298 1047 3362 peccare
1068 3285 1200 3362 graviter

222 3379 386 3456 parochum
400 3374 425 3437 si
439 3374 471 3436 in
485 3371 609 3434 alterius
629 3373 770 3454 parochia
788 3389 916 3454 sponsos
938 3371 956 3431 a
973 3387 1005 3432 se
1018 3371 1200 3448 conjunctos
1246 3439 1247 3448 ,

221 3464 395 3525 solemniter
408 3461 599 3524 benediceret
622 3461 688 3524 sine
713 3461 792 3524 illius
815 3460 936 3523 licentia
952 3477 960 3520 t
977 3477 1064 3520 secus
1084 3459 1108 3520 si
1130 3460 1200 3524 sina

90 3551 96 3560 '
220 3551 410 3614 solemnitate
423 3569 475 3612 cos
490 3554 696 3632 conjungeret
713 3585 754 3598 —
766 3549 843 3614 Vide
855 3549 977 3613 cardin.
993 3547 1092 3630 Soglia
1107 3549 1197 3618 (last.

220 3640 299 3722 juris
309 3639 427 3720 privati
439 3639 477 3720 ,ᾖ
491 3643 569 3712 191).

1244 3931 1245 3965 1
