2522 4028
459 239 544 292 amsa
565 239 683 290 antuus.
1004 223 1064 288 aas

88 367 146 411 aar
160 346 188 410 Ie
202 347 292 410 broit
300 345 407 428 public
418 343 568 426 frameis,
583 349 657 406 tom.
670 345 704 419 l;
715 374 755 390 -
765 341 839 406 em.
854 338 961 418 dett,
977 342 1063 406 Iasti-

96 439 220 500 tutiores
226 435 312 517 juris
325 433 456 494 canonaer'
468 481 476 510 ,
491 439 566 494 torn.
582 438 619 508 2,
635 452 666 514 p.
675 434 744 494 ata.

134 529 225 588 2135.
253 523 509 591 «universitates.
525 521 624 602 inquit
638 522 779 601 tequeux
798 519 847 599 ln·
865 525 952 599 5¹12),
967 522 1063 586 conte

94 638 109 674 o
134 615 240 676 rebant
261 611 369 696 predas
390 609 583 672 scholasticis.
608 607 757 672 Groduum
780 610 904 674 nomine
921 611 1065 694 intellige-

94 702 244 764 obantur
272 702 376 762 litterae
404 699 582 762 authenticae
609 697 720 780 quihus
746 697 873 778 singule
902 701 1066 764 Facultates

96 814 111 850 o
135 790 327 853 declarabant
349 789 480 869 aliquem
501 797 622 868 tempus
647 785 815 850 studiorum
833 787 1017 870 explevisse,
1038 797 1066 854 et

95 902 110 938 o
135 879 311 942 satisfecisse
329 875 516 940 examinibus
531 883 560 938 et
577 874 794 938 tentaminihus
808 877 973 959 requisitis,
989 877 1065 942 ideo

95 991 110 1026 o
136 987 196 1048 que
210 967 292 1029 hunc
305 967 351 1030 vel
367 965 451 1028 illum
461 965 581 1026 titulum
596 966 676 1026 reete
689 983 854 1027 assumere.

136 1059 260 1118 2136.»
287 1055 403 1118 Gradus
425 1053 463 1116 de
488 1053 598 1134 quibus
619 1053 784 1135 loquuntur
807 1055 963 1130 Canones,
979 1063 1061 1120 sunt:

96 1167 113 1204 a
137 1145 343 1226 dlupisterium
357 1163 410 1207 seu
427 1143 619 1219 Declaratur,
635 1142 786 1220 Licentia,
804 1149 833 1205 et
855 1144 1066 1210 Baeculaurea.

97 1257 113 1296 o
137 1235 281 1315 llapr'strr'
299 1233 421 1295 nomine
434 1232 514 1304 venit
527 1231 551 1292 is
565 1230 616 1313 qui
633 1231 663 1292 in
678 1232 783 1313 quavis
798 1233 948 1297 Facultate
962 1238 1067 1317 supre-

96 1344 113 1384 ι
137 1341 221 1384 mum
236 1321 364 1406 gradum
377 1330 407 1384 et
416 1321 505 1400 huius
520 1320 647 1401 insignia
662 1327 693 1382 et
703 1321 771 1400 iura
785 1320 916 1402 legitime
931 1323 986 1386 luit
999 1343 1067 1388 con·

96 1435 112 1471 o
136 1417 268 1474 secutus.
296 1413 406 1493 Saepe,
435 1409 465 1470 in
486 1409 554 1488 iure
582 1409 753 1486 canonico,
777 1408 972 1476 contunditur
997 1433 1068 1477 cum

95 1523 111 1561 u
140 1501 319 1577 Doctorum,
343 1507 376 1562 ut
422 1499 452 1562 in
476 1498 663 1560 Clementina
692 1497 768 1561 cam
785 1499 826 1558 sit
843 1499 949 1577 nimis,
974 1506 1008 1578 2,
1035 1503 1068 1566 de

95 1613 112 1649 s
138 1590 305 1667 lllopr'strr's.
320 1611 336 1648 n
352 1587 520 1660 (Ordinarie
544 1585 595 1669 qui
624 1584 656 1649 in
680 1587 809 1661 artibus,
826 1587 1012 1670 proindeque
1037 1593 1068 1654 in

96 1679 306 1762 Philosophia,
321 1695 475 1740 summurn
491 1675 618 1757 gradum
633 1681 717 1736 erant
738 1677 877 1754 assecuti,
893 1675 1068 1743 dicebantur

96 1768 241 1849 diopistri
260 1768 292 1829 io
306 1765 431 1830 Artibus
440 1781 453 1840 ‚·
471 1765 502 1826 in
520 1765 636 1827 caeteris
650 1763 869 1842 Facultatibus,
892 1764 1069 1831 dicebantur
1119 1776 1124 1782 '

96 1859 292 1921 communitis
301 1856 445 1927 Doctores,
458 1853 622 1935 praesertim
633 1853 665 1914 in
679 1853 795 1916 saeculis
804 1853 992 1933 recentibus;
1004 1858 1069 1939 qui·

98 1946 225 2010 busdam
235 1941 592 2008 tamenUnirersitatibus
604 1960 715 2004 nomen
733 1941 876 2024 Magistri
886 1943 983 2026 magis
994 1947 1068 2010 arri·

94 2033 234 2116 elebatio
248 2033 477 2096 Licentr'otorum
486 2031 771 2092 nominaveniebant
782 2031 822 2092 illi
833 2031 904 2113 qui,
920 2043 988 2116 post
999 2055 1068 2100 oon·

95 2147 111 2184 o
137 2123 229 2205 digna
242 2123 407 2184 tentamina
420 2127 451 2182 et
463 2120 614 2196 examina,
625 2119 680 2181 rite
694 2128 872 2202 acceperant
886 2121 1069 2189 Facultatem

95 2235 111 2274 o
137 2211 331 2294 capessendi,
346 2209 468 2292 quando
482 2207 608 2286 vellent,
628 2226 804 2290 supremum
818 2209 945 2292 gradum
960 2214 1068 2278 Docto-

93 2323 112 2366 )
137 2306 239 2378 raths3
255 2299 381 2384 proinde
404 2298 451 2374 iis,
474 2298 527 2378 qui
547 2297 637 2360 creati
657 2297 776 2360 fuerant
796 2299 958 2361 Licentr'utr'
968 2348 978 2377 ,
995 2303 1068 2368 nihil

94 2411 111 2454 a
136 2389 218 2454 aliud
232 2390 333 2452 deerat
346 2391 437 2469 quam
451 2386 550 2450 solum
563 2385 683 2448 titulum
702 2395 733 2449 et
750 2386 878 2468 insignia
893 2389 1069 2456 Doctoratbs

94 2502 112 2542 ι
136 2497 207 2543 cum
222 2479 322 2541 debita
339 2475 528 2539 solemnitate
549 2475 706 2557 recipere:
732 2476 812 2556 quod
828 2475 928 2557 plures
949 2479 1068 2544 differe·

95 2589 112 2630 n
138 2569 212 2631 bant
225 2575 527 2648 metuexpensamm.
543 2566 619 2626 Nam
637 2564 820 2645 caeteroquin
832 2573 915 2628 actus
931 2569 1068 2632 lsLicen·

94 2678 112 2719 a
136 2659 215 2722 tiatis
237 2655 422 2740 praestandi,
448 2655 597 2734 jamnon
624 2652 811 2716 habebantur
832 2659 866 2716 ut
892 2657 1066 2737 probatorii.

96 2769 112 2810 ι
138 2745 330 2810 Baeculaurer‘
337 2763 391 2808 scu
406 2742 576 2805 Baeculorit'
588 2743 712 2804 nomine
726 2741 969 2824 intelligebantur
982 2745 1002 2808 ii
1016 2750 1068 2826 qul

96 2857 111 2898 o
138 2839 168 2900 in
184 2836 334 2898 Facultate
352 2834 452 2914 aliqua
470 2831 516 2894 sui
537 2830 687 2912 profectus
707 2832 841 2914 primum
861 2835 1067 2900 testimonium

96 2949 111 2988 ι
137 2928 331 3008 primumque
344 2921 471 3004 gradum
486 2927 571 2983 erant
583 2922 722 2982 assecuti.
739 2942 754 2979 o

137 3013 237 3076 videri
254 3019 364 3094 potest,
385 3009 464 3092 apud
485 3009 647 3086 eumdem,
667 3009 777 3091 quihus
796 3009 1018 3078 conditionibus
1038 3024 1068 3080 et

95 3104 193 3166 torma
207 3101 317 3183 gradus
330 3100 402 3162 olim
418 3097 536 3161 Parisiis
558 3097 799 3161 coniciebantur.
823 3133 863 3146 -·-
880 3101 1016 3180 (Ibidem,
1037 3113 1068 3170 et

92 3199 170 3255 tom.
186 3197 222 3264 t,
233 3211 263 3272 p.
275 3193 351 3266 580,
366 3197 437 3259 eto..
448 3191 478 3250 3·
493 3187 806 3266 editici-Quaenam
819 3191 890 3251 vero
900 3192 968 3271 jure
981 3211 1066 3256 com·

95 3281 180 3344 muni
191 3287 276 3342 erant
286 3279 453 3361 requisitae,
467 3275 534 3338 vide
546 3276 659 3338 dictum
674 3277 753 3358 apud
769 3278 804 3338 a.
820 3277 858 3340 de
872 3281 926 3356 ll.,
943 3279 1066 3344 Institu-

94 3371 196 3438 tr'ones.
221 3375 296 3430 tom.
318 3371 355 3437 2,
371 3386 402 3449 p.
418 3371 495 3443 ebt,
518 3365 692 3428 ubidicitur
710 3365 793 3448 quod
807 3368 958 3450 praecipua
978 3369 1066 3436 luerit

89 3455 834 3536 examenrigorosnm,etquidemedmagisqud
847 3456 1067 3534 alliorgradus

89 3543 551 3624 conterenduserat,aupremo
564 3545 1064 3622 tamemseulloctoris,excepto,

90 3634 166 3714 quia
183 3632 322 3695 licentia
336 3636 391 3696 dat
395 3637 449 3713 jus
464 3633 505 3696 ad
530 3635 753 3707 Doctoratum3
771 3631 947 3711 requiritur
975 3631 1067 3691 insu·

229 3763 256 3806 τ.
282 3763 311 3806 tt.
890 3740 909 3798 a
