2534 3996
240 223 298 291 too
459 243 594 290 nanuum
613 241 715 288 rorrus
733 236 817 286 Jonas
837 238 986 286 oenomai.

278 342 366 405 Dicit.
385 345 416 404 2·
439 340 591 404 Fidelium
604 359 617 402 .·
641 357 711 402 nam
729 337 859 419 religiosi
880 354 937 399 nec
957 335 996 398 ad
1013 333 1220 400 hierarchiam
1246 335 1247 418 ᾗ

240 431 453 510 iurisdictionis
468 448 523 491 nec
542 427 580 489 ad
599 426 795 488 hierarchiam
810 425 922 486 ordinis
939 427 1108 486 necessarii·
1126 427 1220 506 perti·
1246 423 1247 458 l

243 529 332 596 nent;
350 519 402 582 sed
423 527 510 596 sunt,
525 516 570 578 rel
589 525 715 596 possunt
736 532 802 578 esse
823 516 968 578 duntaxat
982 512 1087 576 tideles
1106 515 1141 576 in
1165 517 1220 578 Ec·

243 609 340 671 alesia.

279 701 368 760 2t56.
391 695 477 758 Dicit.
494 699 526 758 3⁰
537 693 587 758 Ad
596 693 706 756 dirime
723 691 882 754 charitatis
897 692 1131 773 perfectionem.
1125 711 1136 729 ·
1152 713 1219 775 per-

240 785 328 848 fectio
341 785 422 846 enim
437 784 602 846 Christiana
616 783 712 864 qualis
725 785 805 844 certe
826 780 917 843 dehet
936 799 1002 843 esse
1016 799 1051 842 ea
1065 781 1105 841 ad
1120 802 1247 866 quam

240 874 364 936 tendere
377 873 488 934 dehent
509 872 661 954 religiosi,
676 871 821 952 supponit
835 871 1004 932 necessario
1018 861 1247 962 charitatem‚3

241 963 305 1025 sine
320 962 405 1043 qua
399 979 428 1022 m
452 961 554 1022 anima
568 961 735 1022 necessario
753 958 863 1022 residet
881 967 1058 1040 peecatum3
1075 963 1247 1058 ροντὸ1
1185 945 1247 1022 ad

242 1049 456 1132 perlectionem
476 1069 536 1111 non
554 1049 664 1112 suffert
681 1049 808 1110 charitas
827 1047 1008 1121 essentialis
1024 1046 1076 1109 sod
1093 1009 1247 1140 requiri-3

241 1146 290 1200 tur
305 1139 460 1220 peculiaris
474 1138 597 1240 quidam
617 1137 728 1220 gradus
742 1155 888 1218 superans
906 1154 1104 1198 communem
1119 1138 1220 1200 chari·

241 1234 359 1290 tatem:
383 1229 435 1308 qui
463 1229 545 1290 enim
568 1229 586 1290 h
613 1234 735 1308 peccato
758 1225 907 1287 mortati'
901 1243 1052 1288 immunes
1073 1223 1247 1312 duntaxat

242 1316 358 1390 vivunt,
380 1335 439 1378 non
464 1317 531 1379 ideo
557 1323 700 1378 vocantur
723 1313 866 1396 perlecti,
886 1314 939 1375 sed
959 1315 1112 1376 econtra
1105 1333 1215 1396 nuper·

243 1403 310 1467 fecti
322 1425 329 1466 :
340 1405 459 1486 perlecti
470 1408 586 1468 tantum
598 1405 745 1466 hahentur
755 1404 805 1484 qui
818 1403 906 1464 talem
917 1401 1092 1465 charitatem
1107 1402 1223 1466 hahent

243 1501 276 1556 ut
295 1497 430 1576 proxime
452 1495 513 1556 sint
532 1493 667 1576 dispositi
683 1492 720 1554 ad
735 1491 888 1573 agendum
908 1490 995 1554 facila
1016 1497 1046 1554 et
1062 1491 1219 1556 'ordinant

242 1583 324 1662 juxta
338 1585 390 1645 Dei
406 1591 556 1665 praecepta
570 1591 599 1645 et
612 1581 748 1644 consilia.

283 1677 373 1734 ram.
397 1671 442 1734 nd
457 1673 670 1753 perfectionem
685 1687 757 1750 ergo
771 1669 933 1750 requiritur
949 1687 1012 1732 non
1027 1669 1128 1732 solirm
1143 1691 1220 1753 prae·

244 1769 398 1842 ceptorum
409 1760 590 1830 observatio,
602 1760 653 1821 sed
668 1761 758 1822 etiam
772 1758 986 1826 consiliorum.
1003 1777 1063 1820 non
1078 1761 1220 1823 omnium

245 1850 385 1931 quidem,
401 1849 453 1911 sed
472 1850 577 1910 saltem
592 1848 793 1931 quorumdam
809 1868 818 1925 ;
835 1847 968 1928 alioquin
983 1855 1041 1909 rita
1057 1846 1137 1910 soret
1155 1857 1220 1912 tan-

244 1941 309 1998 tirm
328 1939 517 2012 communis,
533 1944 568 2000 ut
592 1944 690 2019 patet;
706 1937 819 2019 quippe
840 1935 913 1998 nihil
932 1936 1013 1999 aliud
1033 1943 1114 1999 esset
1127 1943 1220 2017 quam

245 2029 394 2106 exemptio
404 2029 421 2087 a
432 2027 570 2108 peccatis,
581 2045 635 2089 seu
649 2027 814 2088 observatio
824 2027 1099 2108 praeceptorumv.
1110 2027 1218 2105 Bouix,

245 2114 289 2176 De
304 2115 457 2194 Regulum,
472 2123 546 2176 tom.
564 2119 592 2189 l,
605 2135 633 2196 p.
653 2120 683 2176 tl
699 2162 706 2189 ,
724 2119 776 2188 l5,
792 2119 842 2178 35.

285 2207 372 2265 2458.
397 2204 508 2266 Dicitur
520 2208 553 2266 t·
572 2203 758 2267 Tendentium
768 2203 860 2277 :Quia
874 2203 1001 2268 minime
1015 2207 1219 2269 necessarium

246 2301 287 2355 est
303 2300 335 2354 ut
345 2293 473 2374 religiosi
483 2295 545 2372 jam
560 2294 772 2374 acquisiverint
785 2293 1000 2375 perlectionem
1013 2303 1102 2376 prout
1116 2305 1219 2358 tenen·

245 2387 295 2444 tur
309 2383 437 2463 promoti
448 2382 484 2444 ad
495 2385 718 2463 Episcopatum,
732 2383 783 2444 sed
797 2383 904 2445 suflicit
917 2384 998 2464 qudd
1008 2383 1045 2446 ad
1061 2383 1142 2445 illam
1158 2393 1219 2445 ten·

246 2469 318 2532 dam
332 2490 385 2553 per
398 2473 477 2533 varia
492 2471 591 2534 media
602 2490 670 2552 quae
683 2472 829 2553 religiosis
838 2472 966 2554 proponi
977 2473 1084 2535 solent.
1097 2473 1217 2552 (Bouix,

246 2559 333 2625 idid..
351 2581 380 2642 p.
395 2563 506 2639 toto.)
678 2611 688 2624 ,

286 2652 389 2726 Unde,
412 2651 496 2729 Juxta
521 2651 551 2712 S.
572 2649 718 2712 thomam
737 2653 782 2728 (a,
802 2655 842 2728 Ξ,
868 2670 900 2732 q.
925 2653 1000 2724 tao,
1019 2657 1075 2714 art.
1091 2654 1140 2728 2),
1157 2671 1218 2712 nnn

246 2739 461 2821 transgreditur
489 2757 573 2801 suam
598 2739 813 2820 professionem
833 2741 990 2821 religiosus
1012 2740 1064 2821 qui
1091 2748 1221 2802 nonest

247 2829 408 2911 perlectus3
425 2827 477 2891 sed
500 2829 598 2890 soliun
620 2829 644 2890 si
663 2837 837 2891 contemnat
860 2829 983 2891 tendere
1006 2828 1043 2891 ad
1067 2829 1220 2911 perfectio

246 2935 335 2980 nem:
352 2919 418 2980 utsi
432 2917 513 3000 apud
527 2935 559 2980 se
572 2925 680 2980 statuat
690 2937 813 2981 manere
827 2919 858 2980 in
872 2925 950 2982 statu
965 2917 1180 2982 mediocritatis
1190 2919 1217 2980 iu

247 3026 309 3088 quo
323 3016 383 3076 est,
395 3015 446 3068 aut
459 3006 551 3067 dicat:
563 3007 639 3069 Nolo
648 3007 686 3069 ad
699 3007 912 3088 perlectionem
923 3006 1064 3081 tendere,
1075 3007 1216 3070 ueletiam

247 3097 271 3156 si
287 3103 445 3158 contentus
458 3093 672 3157 observationis
686 3105 904 3178 praeceptorum
920 3095 977 3158 sub
991 3099 1072 3178 gravi
1087 3096 1217 3176 ohligan·

248 3185 334 3255 lium,
345 3190 492 3264 proponat
505 3184 670 3265 transgredi
682 3205 717 3248 ea
727 3204 795 3266 quae
804 3185 938 3267 obligant
950 3185 1006 3248 suh
1021 3185 1089 3263 levi,
1104 3185 1151 3248 rel
1164 3185 1217 3247 sub

247 3273 480 3354 penitentum.
497 3272 571 3342 Vide
583 3273 721 3354 ltilluart‚
733 3275 867 3338 DeStot.
879 3275 980 3356 relig,
990 3273 1062 3338 diss.
1076 3278 1106 3354 l,
1118 3279 1214 3338 art.2.

248 3361 331 3422 dicit.
350 3363 379 3421 t⁰
392 3379 403 3438 5
416 3393 455 3407 -
470 3361 501 3422 S.
520 3361 653 3442 Lignea,
665 3363 716 3427 lib.
733 3371 770 3440 t,
788 3373 819 3427 n·
837 3369 883 3428 tu.

287 3453 376 3512 2459.
389 3483 429 3496 σ-
439 3449 475 3510 ll.
492 3451 607 3531 Duplex
620 3451 813 3534 distinguitur
826 3455 1027 3517 communiter
1040 3455 1142 3518 Status
1151 3455 1215 3518 reli-

249 3535 369 3615 giosus:
387 3537 575 3618 incompletos
603 3557 712 3622 nempe
734 3559 789 3606 seu
814 3544 916 3606 minus
936 3545 1036 3608 stricto
1055 3545 1156 3608 dicius
1169 3593 1176 3624 ,
1190 3554 1216 3607 et

250 3625 406 3708 corrpietus
420 3645 474 3690 seu
487 3627 587 3690 stricte
602 3637 750 3714 sumptus.
