2486 3984
207 257 262 320 rso
425 277 562 326 uruntur
581 277 682 324 sonus
702 275 784 324 runis
805 274 953 326 unnourer.

224 377 310 441 tort.
333 377 388 440 illc
402 375 495 458 quaeri
518 381 615 458 potest
632 393 671 438 an
690 377 857 458 Episcopus
874 373 971 439 vulcat
993 373 1161 458 prohibere

187 467 295 530 clerico
309 476 425 548 gesare
441 465 574 526 habitum
590 464 786 528 clericalem?

223 559 310 638 Resp.
336 556 537 628 Quaestionem
560 573 625 616 esse
648 552 899 636 expendendam,
923 552 971 617 vel
984 553 1108 617 relative
1122 554 1160 618 sd

180 643 231 726 jus
243 647 423 708 canonicum
437 694 444 720 ,
457 645 502 704 uel
517 643 637 706 relative
651 643 688 705 ad
700 645 750 723 jus
764 643 850 706 civile
867 663 874 705 :

223 737 246 797 l.
264 733 364 811 Quoad
366 733 419 814 jus
432 733 610 798 canonicum.
629 737 660 795 l⁰
675 735 794 795 Certum
805 739 851 795 est
864 733 1048 815 Episcopum
1070 753 1162 816 posse

187 823 343 888 orohiliere
366 823 485 904 bigamo
508 822 704 901 gestationem
727 823 817 884 vestis
840 821 996 884 clericalis,
1022 825 1068 885 Ex
1092 843 1160 907 cap.

191 912 413 984 diiunctionis,
435 910 469 973 de
492 911 624 994 Biqom„
639 912 671 972 in
693 916 814 974 6⁰.-e·
827 911 911 974 Idem
932 910 1050 974 videtur
1072 932 1162 996 posse

187 1002 350 1084 Episcopus
364 1019 435 1082 erga
449 1001 565 1062 notorie
579 1001 753 1078 sodomitas,
764 1000 927 1082 siquidem,
942 1007 976 1062 ut
990 1017 1062 1064 mox
1077 1002 1161 1065 dice

186 1109 275 1168 mus,
303 1089 386 1152 omni
412 1089 540 1153 clericali
562 1089 716 1171 priuilegio
738 1091 755 1151 h
777 1092 876 1153 Leone
897 1093 923 1152 X
944 1097 975 1153 ct
998 1091 1030 1152 S.
1055 1091 1112 1154 Pio
1136 1095 1159 1152 v

186 1179 303 1260 spoliati
318 1179 487 1241 fuere-3⁰
502 1177 662 1241 Prohibere
677 1185 775 1261 potest
792 1177 983 1258 neotericus,
998 1197 1062 1242 non
1083 1179 1163 1244 dele·

191 1267 403 1330 rensbabitum
417 1267 586 1330 clericalem
601 1275 816 1346 attonsarum,
832 1276 935 1331 elnon
948 1287 979 1330 se
994 1269 1162 1332 emendans

189 1366 348 1439 postquam
360 1358 447 1418 tertio
460 1357 499 1418 ab
513 1357 661 1438 Episcopo
671 1357 760 1419 luerit
775 1357 963 1436 admonitus,
979 1357 1065 1420 illum
1081 1358 1163 1420 babi-

189 1453 253 1508 tum
269 1455 370 1528 postea
385 1455 560 1508 reassumat.
571 1445 647 1508 Vide
658 1447 769 1510 Bened.
786 1449 849 1509 xlv
865 1445 920 1526 (De
934 1446 1025 1528 Syn,
1041 1447 1095 1510 lib.
1112 1453 1161 1526 li,

190 1553 256 1617 esp.
272 1539 302 1616 3,
319 1548 353 1598 n·
367 1541 409 1609 tt.
425 1537 477 1618 qui
492 1535 649 1614 admonet,
665 1536 722 1598 hdo
740 1537 771 1598 in
786 1556 829 1614 re,
846 1553 907 1598 non
929 1538 1000 1598 sutis
1013 1555 1080 1599 esse
1092 1539 1162 1600 uni-

189 1643 256 1688 cam
277 1627 474 1690 monitionem
488 1645 556 1708 quae
576 1625 671 1688 tribus
689 1625 879 1707 aequivaleat,
898 1624 951 1686 sed
969 1627 1082 1706 requiri
1103 1634 1164 1688 tres

190 1714 354 1780 distinctas.
365 1752 399 1764 -
411 1723 442 1778 [ι’
459 1715 618 1777 Prohibere
632 1721 729 1796 potest
743 1717 909 1796 Episcopus
923 1733 962 1776 nc
976 1715 1102 1776 realiter
1115 1715 1164 1778 de

192 1807 331 1888 gradatus
340 1806 476 1867 habitum
488 1805 658 1866 clericalem
670 1803 784 1883 induat,
796 1804 998 1886 quippeomui
1007 1805 1164 1886 priuilegio

192 1896 320 1958 clericali
335 1895 429 1976 privat
441 1893 529 1954 realis
542 1893 727 1975 degradatio.

231 1986 321 2044 Extra
333 1983 402 2044 verb
417 1981 554 2064 praefatos
567 2001 673 2060 casus,
689 1983 856 2064 Episcopus
869 2001 932 2046 non
952 1983 1030 2046 ualet
1053 1983 1164 2048 clerico

194 2072 351 2155 probibere
367 2073 563 2152 gestationem
578 2072 697 2134 babitus
711 2071 857 2134 clericalis
876 2091 883 2132 :
899 2074 1011 2134 etenim
1029 2093 1036 2134 :
1056 2077 1166 2135 ullon-

194 2161 306 2223 onulli
336 2161 476 2243 Episcopi
498 2163 529 2222 in
561 2180 624 2224 suis
657 2160 785 2241 Synodis
810 2160 949 2240 edixere,
974 2163 1073 2245 inquit
1108 2165 1164 2225 Be·

195 2274 209 2310 u
234 2251 304 2314 ned.
327 2253 412 2330 XIV,
428 2269 466 2312 ne
482 2250 624 2332 deinceps
643 2251 694 2313 ulti
713 2252 891 2313 clericorum
911 2251 1036 2330 liceret,
1051 2253 1165 2336 absque

196 2365 210 2398 n
235 2339 381 2402 Ordinarii
396 2341 524 2418 licentia,
540 2342 693 2404 clericales
700 2349 795 2403 vestes
808 2349 998 2404 ettonsnram
1011 2341 1166 2425 deponere

196 2429 443 2512 »depositasque
470 2449 660 2492 resumere...
695 2429 848 2508 Ejusmodi
882 2431 1164 2498 Constitutiones....

197 2543 211 2578 u
236 2521 318 2581 omni
341 2526 445 2582 carent
467 2519 574 2582 robore
594 2526 624 2582 et
645 2519 812 2582 efficacit...
837 2527 903 2582 et...
930 2539 1050 2602 semper
1069 2523 1166 2586 irritas

198 2632 212 2667 n
236 2611 438 2692 pronuntiavit
449 2611 480 2672 S.
497 2611 607 2691 Congr.
619 2612 709 2672 Conc.
724 2609 878 2672 Etenim...
895 2609 926 2670 in
940 2613 1030 2672 cause
1040 2610 1166 2674 Nullius

198 2722 213 2756 n
237 2717 291 2762 scu
302 2698 493 2780 Nupolitoud,
510 2703 606 2780 8aug.
625 2703 738 2760 lust...
749 2699 899 2780 proposita
913 2701 1079 2780 quaestione
1096 2723 1104 2763 :
1120 2705 1166 2764 Aa

199 2811 214 2846 a
238 2787 398 2850 clericusiu
407 2788 568 2850 minoribus
577 2787 1168 2869 constitutus,quidime'sitlcobitumcleri·

200 2899 215 2936 n
239 2878 342 2952 colent,
354 2879 457 2958 possit,
467 2877 571 2958 ubsque
585 2876 701 2938 licentii
712 2875 864 2958 Episcopi,
877 2877 964 2937 illum
979 2897 1166 2957 reassumere,

201 2989 215 3025 a
248 2965 369 3048 quando
389 2966 659 3029 adest.C0nstitutio
679 2964 835 3047 Synodalis
847 2965 1023 3047 prohibitiva
1038 2987 1076 3030 ne
1096 2989 1169 3031 rens·

203 3081 217 3114 n
240 3065 372 3116 sumatur
385 3056 489 3138 absque
501 3055 643 3138 prudietd
658 3054 791 3124 licentii,
809 3056 950 3132 Sacra...,
965 3063 1037 3132 eto,
1053 3061 1168 3122 censuit

204 3169 217 3204 n
239 3166 319 3228 posse
331 3146 437 3227 olsqoe
451 3144 570 3206 licentii
584 3144 725 3226 Episcopi
729 3192 736 3210 ,
747 3164 803 3206 riou
814 3143 943 3205 obstante
956 3143 1169 3210 Constitutione

201 3256 220 3298 1
242 3235 387 3315 Suaodoli
396 3231 590 3315 prohibitiva,
613 3235 676 3293 cum
694 3252 748 3295 non
762 3233 804 3294 sit
818 3235 1001 3314 permissu.»
1025 3235 1101 3297 Vide
1115 3238 1169 3298 ulia

205 3346 253 3409 ap.
269 3323 409 3387 eumdem
420 3325 428 3397 l
438 3322 478 3383 Ile
492 3322 582 3402 spu,
598 3321 638 3382 lib
656 3325 703 3398 le,
719 3341 747 3384 c.
762 3325 792 3400 3,
809 3336 842 3383 n⁰
856 3323 916 3400 lll).
929 3324 1076 3386 Praeterea
1089 3335 1168 3388 extra

206 3413 389 3495 supradictos
402 3429 506 3488 casus,
522 3408 648 3473 clericus
661 3420 756 3472 servat
770 3411 916 3473 clericalia
928 3413 1095 3494 priuilegia3
1107 3435 1170 3497 pro

206 3503 276 3565 inde
285 3501 321 3562 ad
331 3499 542 3583 deponendum
553 3499 687 3563 habitum
697 3501 864 3562 clericalem
876 3507 991 3562 nonest
1003 3505 1168 3583 cogendus

248 3595 334 3654 1675.
358 3592 393 3651 ll.
413 3589 512 3667 Quoad
521 3590 574 3672 jus
587 3590 671 3650 ciuile
686 3591 717 3649 iu
733 3587 842 3651 Gallie.
857 3591 902 3652 Ex
915 3590 1003 3651 variis
1017 3593 1170 3654 sententiis

209 3679 403 3744 tribunalium
416 3686 444 3738 et
458 3696 495 3740 en
510 3683 629 3740 Arresto
644 3683 798 3758 supremae
817 3678 912 3740 Guriae
925 3681 964 3739 22
975 3679 1032 3758 jul.
1049 3683 1137 3758 18³7,
1153 3683 1169 3741 il
