2486 3984
410 201 499 256 tmen
517 201 637 259 essuos.
957 187 1015 257 lot

58 327 71 364 a
92 305 220 383 Constet,
233 307 269 370 de
281 325 417 384 conseo„
428 307 497 371 dist.
511 312 570 371 t...
587 307 768 389 Baptismi...
784 305 922 370 minister
935 309 1016 371 ordi·

58 418 71 456 o
93 398 225 460 nariuset
237 395 432 460 solemnitatis
446 403 528 460 est...
543 397 641 480 quivis
651 395 804 468 sacerdos,
819 405 851 458 ut
859 395 1018 460 declaravit

57 507 70 543 r
93 487 237 568 Eugenius
251 489 287 548 lll
304 487 334 548 in
348 505 403 548 suo
418 489 556 566 Decreto,
571 486 676 548 dicens
692 507 699 548 :
716 483 857 548 Minister
870 486 958 566 liujus
970 507 1018 550 so·

57 596 69 632 a
90 578 226 638 crementi
243 583 286 638 est
298 575 447 650 sacerdos,
467 577 516 637 eui
533 595 571 638 ec
592 576 683 657 officio
697 575 833 658 competit
849 575 1016 658 baptizare,

57 685 70 719 a
91 665 174 726 modo
197 665 276 728 adsit
295 665 414 728 licentia
427 665 607 747 Episcopi...
623 665 776 727 Parochus
790 673 887 746 potest
909 667 1019 746 (etiam)

57 773 69 808 a
90 753 362 817 aliissacerdotibus
371 756 559 816 committere
568 753 857 817 administrationem
868 754 1018 836 baptismi,

57 862 70 898 a
90 851 120 902 ut
132 843 240 906 docent
261 843 454 926 Tournely...
469 843 561 906 etalii
580 843 791 906 communiter.
808 863 823 902 o
844 844 875 905 S.
895 844 1017 924 Liguor.

59 927 108 1006 (lib.
120 933 156 1006 6,
173 941 205 993 n⁰
222 932 303 1014 113).
316 931 390 995 Vide
404 935 529 1014 insuper
542 950 610 995 cen.
627 932 762 1011 Dr'aeoni,
778 931 847 994 dist.
863 935 913 1010 93,
930 951 1020 1015 supro

58 1019 172 1082 relatum
186 1023 300 1101 (1702).

92 1112 265 1174 tris-111.
284 1113 328 1174 De
346 1109 406 1174 fide
420 1115 464 1172 est
478 1110 664 1174 sacerdotem
678 1128 740 1174 non
755 1128 820 1174 esse
833 1110 1019 1174 ordinarium

59 1201 221 1262 sacramenti
246 1199 492 1263 Confirmationis
514 1199 695 1262 Ministrum.
723 1221 738 1259 o
765 1200 796 1262 Si
823 1201 892 1282 quis
913 1200 1021 1262 dixerit

58 1305 71 1342 r
92 1287 201 1352 Sanctae
223 1287 469 1351 Confirmationis
489 1287 676 1352 ordinarium
692 1288 864 1352 ministrum
880 1307 941 1351 non
955 1309 1020 1353 esse

58 1396 71 1432 r
92 1377 183 1439 solum
197 1380 402 1460 Episcopum,
418 1375 470 1439 sed
484 1378 619 1458 quemvis
633 1378 801 1459 simplicem
816 1377 1019 1458 sacerdotem,

57 1485 71 1522 a
91 1466 243 1529 anathema
252 1469 302 1529 sit.
318 1490 333 1525 n
347 1467 470 1539 (Concil.
485 1466 581 1542 Trid,
596 1485 669 1529 sess.
685 1470 735 1542 23,
752 1485 820 1530 can.
833 1467 880 1546 Ἰ.)

92 1555 145 1616 Sed
159 1555 298 1638 quamvis
314 1556 388 1618 olim
401 1557 527 1637 quaestio
542 1555 632 1618 luerit
646 1556 724 1617 inter
739 1557 802 1618 DI).
817 1564 1019 1637 controversa,

58 1650 162 1706 cenum
185 1653 229 1708 est
253 1644 345 1708 hodie
362 1644 444 1726 quod
465 1645 594 1726 simplex
616 1643 756 1706 sacerdos
776 1663 814 1706 ex
834 1645 1021 1726 delegatione

59 1731 165 1795 Summi
181 1733 339 1798 Pontilicis
363 1733 457 1814 possit
478 1735 649 1796 ministrare
667 1732 911 1796 Confirmationis
927 1751 1023 1797 sacra-

59 1829 184 1885 mentum
208 1842 281 1887 cum
310 1823 469 1886 chrismate
492 1822 530 1884 ab
553 1822 702 1904 Episcopo
725 1831 921 1886 consecrato:
944 1823 1022 1886 hano

59 1929 165 1989 praxim
184 1915 323 1994 sequitur
339 1912 370 1974 S.
387 1909 490 1986 Sedes,
506 1917 541 1973 ut
552 1910 652 1974 videre
666 1916 712 1973 est
727 1912 808 1994 apud
826 1912 937 1974 Bened.
956 1912 1019 1975 xlv

59 1998 198 2082 (deSyo.‚
210 2001 263 2064 lib.
274 2005 342 2078 7,c.
353 2002 394 2078 Ἰ).
407 2001 472 2062 imo
486 1999 578 2062 Sedes
593 2000 763 2081 Apostolida
779 2009 878 2082 posset
891 2001 1019 2084 simplici

58 2088 192 2152 sacerdoti
212 2089 405 2153 committere
427 2088 598 2151 facultatem
619 2089 799 2152 conficiendi
821 2091 853 2153 S.
873 2091 1019 2168 chrisma,

58 2179 184 2255 quamvis
205 2178 266 2242 hoc
295 2195 454 2260 nunquam
479 2183 533 2240 eut
554 2177 704 2240 rarissime
725 2176 814 2241 tuerit
841 2197 1021 2243 eoncessum

59 2263 116 2340 (il,
129 2285 155 2330 o.
172 2271 202 2346 8,
218 2268 261 2330 n'·
277 2271 292 2330 l
309 2274 341 2330 et
353 2269 392 2347 2).

94 2359 176 2418 lilii.
199 2358 375 2440 llisputatur
396 2361 497 2419 eutem
519 2361 623 2419 utrum
648 2355 744 2418 valeat
766 2357 933 2440 Episcopus
952 2361 1022 2422 sim·

60 2440 158 2521 plirem
180 2446 368 2510 sacerdotem
391 2445 536 2528 deputare
554 2445 591 2508 ad
612 2445 844 2508 ministrandum
858 2447 1022 2510 Confirme-

62 2531 141 2594 tionis
152 2543 394 2614 sacramentum,
416 2534 572 2616 supposito
591 2534 674 2616 quod
688 2537 719 2598 S.
741 2535 834 2598 Sedes
851 2535 1022 2599 facultatem

63 2615 130 2684 hanc
150 2642 211 2686 non
232 2625 290 2687 sibi
313 2624 524 2700 reservaverit;
546 2623 613 2687 vide
635 2625 768 2686 rationes
790 2643 845 2705 pro
867 2633 897 2687 et
918 2633 1024 2688 contra

64 2710 132 2788 apud
147 2713 259 2775 Bened.
277 2716 342 2776 XIV
354 2713 412 2795 (De
426 2711 518 2794 Spu,
533 2711 585 2775 lib.
602 2712 632 2790 'l,
647 2731 675 2775 e.
691 2716 722 2790 8,
739 2711 779 2773 n¹¹
793 2715 860 2790 3-6)
877 2731 885 2774 :
904 2735 919 2772 a
934 2715 1024 2776 Caete·

64 2815 78 2855 t
97 2800 177 2881 rum,
192 2803 290 2885 pergit
303 2802 410 2866 doctus
426 2801 559 2863 Pontifex
574 2801 639 2881 (ib,
655 2813 690 2862 n⁰
702 2805 743 2881 7),
759 2801 899 2864 omnibus
912 2801 943 2865 in
954 2821 1024 2866 con·

65 2905 78 2942 r
96 2886 168 2952 fesso
184 2899 230 2954 est
247 2891 363 2953 irritam
383 2909 467 2953 nunc
487 2888 550 2952 lore
569 2889 836 2953 confirmationem
850 2893 877 2972 ,a
895 2891 1025 2976 simplici

66 2995 79 3030 a
98 2975 266 3062 Presbytero
280 2979 384 3049 latino,
402 2978 511 3042 exsold
521 2979 660 3061 Episcopi
674 2979 861 3062 delegatione
872 2982 1021 3062 collatam,

67 3082 80 3119 r
99 3065 163 3145 quia
186 3069 279 3132 Sedes
302 3069 472 3150 Apostolice
491 3067 521 3129 id
537 3068 614 3146 juris
632 3068 688 3130 sibi
710 3071 799 3132 unice
820 3072 1019 3133 reservavit.»

68 3149 141 3220 Quod
160 3155 273 3220 iactum
293 3156 385 3220 luisse
406 3157 446 3222 ait
465 3156 617 3236 Pontifex,
638 3166 707 3222 ante
726 3159 765 3220 lx
786 3159 886 3222 saeculi
909 3159 1021 3240 linem,

69 3249 147 3318 prout
161 3245 311 3328 colligitur
328 3265 365 3308 ex
379 3245 503 3327 epistole
517 3249 557 3308 *10
576 3247 688 3310 Nicolai
703 3249 715 3310 l
730 3246 767 3310 ed
783 3249 979 3310 Hincmarurn
994 3255 1024 3310 et

72 3337 180 3395 neuros
202 3335 453 3417 Archiepiscopos
479 3343 509 3397 et
535 3336 701 3418 Episcopos
727 3337 812 3417 regni
832 3335 948 3415 Caroli,
971 3337 1022 3400 ubi

74 3413 188 3485 dicitur:
207 3425 423 3496 «Quoniam...
444 3423 633 3506 presbyteros
646 3425 807 3490 chrismate
825 3424 914 3489 linire
931 3425 1024 3510 bspti-

76 3522 88 3562 t
105 3515 228 3574 ntorum
242 3512 355 3594 frontes
369 3513 553 3576 inhibemus.
569 3537 584 3574 a

106 3597 186 3664 l'll'l.
207 3601 344 3666 Diximus
364 3601 539 3684 Presbytero
558 3601 671 3682 latino,
686 3605 759 3689 quio
770 3603 811 3667 ob
828 3602 1021 3669 consuetudi·
