2522 4028
413 240 574 315 ’Ἵππη
593 269 712 316 narnus.
1028 258 1083 317 nso

156 374 193 432 Et
206 369 366 452 specialius
380 369 411 431 in
425 387 491 450 cop.
509 369 584 446 Ouio
602 369 755 430 nonnullis
766 375 797 432 ol
810 386 877 450 oup.
905 367 1085 444 Probinus,

112 459 151 522 da
165 459 332 541 Moqistris,
348 458 520 522 ubidicitur
535 477 544 520 t
568 479 583 518 a
598 459 677 520 Sane
695 457 719 520 si
734 458 802 540 quis
821 457 969 520 distulerit
983 458 1087 540 magis·

113 571 131 608 n
157 555 219 610 tros
232 549 263 610 in
278 547 350 610 locis
363 547 506 628 congruis
519 547 685 622 instituere,
700 546 753 608 tibi
769 547 873 616 liceat.
890 546 1089 628 appellatione

94 661 132 698 -o
158 639 351 720 postposite,
384 637 424 698 ibi
457 635 585 698 aliorum
614 636 803 698 instructioni
828 634 982 718 praeficere
1012 636 1090 700 viros

118 747 135 786 a
158 724 313 807 providos,
328 724 470 787 honestos
483 731 512 786 et
520 723 675 787 discretos.
692 747 708 786 a
726 724 800 788 Vide
813 725 888 787 alios
901 731 999 788 textus
1010 723 1090 808 apud

118 815 207 884 lost„
225 815 260 876 R.
276 812 314 876 de
327 815 382 886 M..
397 821 471 876 tom.
488 817 518 884 2,
533 833 565 894 p.
581 816 651 876 303.

161 907 249 967 nats.
273 905 317 965 lte
330 902 422 965 modo
438 908 538 966 sutem
559 901 705 965 servando
721 902 753 965 in
768 901 955 966 institutione
968 910 998 966 et
1011 902 1091 984 regi·

120 993 204 1055 mine
217 993 401 1062 scholarum,
418 993 489 1054 oum
504 990 603 1054 nihilo
616 991 733 1078 legibus
745 991 886 1054 Eoolesiae
900 989 1093 1073 generalibus

119 1081 354 1144 determinatum
375 1079 480 1157 luerit,
499 1079 692 1142 observande
707 1087 777 1142 sunt
791 1081 871 1162 leges
884 1087 916 1144 et
928 1088 1091 1144 consuetu-

120 1170 208 1232 dines
216 1171 324 1232 locales
333 1169 465 1252 legitime
477 1167 653 1232 introduotae
661 1177 712 1232 aut
725 1169 905 1233 constitute.
916 1169 991 1232 Vide
997 1169 1036 1232 de
1046 1169 1093 1234 his

121 1278 172 1342 ap.
185 1259 274 1337 lusu,
287 1259 350 1338 J'am
363 1259 477 1336 citatas,
493 1259 529 1320 u.
545 1257 584 1321 de
598 1259 637 1321 tt.
656 1260 701 1340 (p.
720 1261 804 1340 304),
819 1258 934 1323 Concil.
952 1259 1093 1342 Burdiga·

123 1349 220 1411 lense.

503 1609 650 1677 CAPUT
674 1609 723 1677 ΙΙ.

461 1757 509 1808 nu
533 1757 756 1810 oarrrums.

167 1897 256 1957 stae.
279 1895 352 1967 Quae
364 1893 402 1956 de
422 1871 563 1975 Capitulis
584 1895 632 1956 hto
650 1893 758 1958 dicturi
774 1911 897 1972 sumus,
921 1894 953 1958 in
967 1899 1096 1978 quatuor

125 1982 294 2046 dividemus
307 1981 446 2045 articulos
462 2001 469 2044 ε
486 1983 517 2045 in
532 1987 563 2046 1⁰
579 1982 651 2065 quid
661 1983 698 2046 sit
707 1983 895 2064 Capitulum;
911 1984 941 2046 in
958 1988 990 2046 2⁰
1003 2003 1021 2047 a
1036 2005 1096 2067 quo

126 2075 165 2134 sit
178 2078 209 2133 et
226 2074 294 2153 quis
308 2072 506 2134 Canonieatus
526 2078 555 2134 et
568 2072 731 2152 ltignitotes
748 2071 901 2135 instituere
916 2083 946 2134 et
958 2073 1096 2137 conferre

125 2161 238 2236 valeam
260 2161 290 2222 in
304 2163 336 2223 3⁰
350 2160 387 2222 ad
402 2160 474 2242 quid
488 2162 624 2224 canonici
643 2167 802 2224 teneantur
815 2179 868 2224 seu
883 2181 1023 2244 quaenam
1037 2164 1097 2226 sint

126 2251 265 2334 ipsorum
287 2249 500 2330 obligationes;
524 2250 554 2311 in
569 2255 601 2312 t⁰
619 2249 692 2332 quid
711 2251 827 2312 valeant
842 2252 976 2333 Capitula
990 2269 1045 2314 seu
1058 2252 1096 2315 do

126 2339 263 2423 ipsorum
288 2339 489 2421 praerogativis
504 2339 702 2421 inquiremus.
719 2341 786 2401 Jam
808 2338 940 2404 diximus
957 2340 996 2404 de
1013 2341 1096 2424 Cupi·

126 2429 214 2505 tutis,
230 2428 308 2492 Sede
320 2433 453 2491 verente.
469 2427 544 2490 Vide
558 2447 648 2510 supra
661 2431 862 2508 (llll-lutto).

550 2607 631 2668 nat.
648 2608 670 2669 l.

449 2742 519 2796 oulu
540 2743 584 2788 sn
604 2741 778 2791 carnutum.

167 2873 258 2934 2150.
281 2871 346 2932 Hoo
363 2869 481 2931 duobis
500 2877 544 2932 est
559 2870 798 2952 investigandum
812 2871 873 2935 sive
887 2873 986 2956 quoad
1001 2875 1097 2958 ipsius

127 2959 348 3041 antiquitatem,
360 2959 421 3020 sire
434 2957 533 3040 quoad
544 2959 636 3040 ipsius
649 2961 808 3023 essentiam
822 2969 852 3024 et
861 2963 955 3026 varias
967 2965 1092 3046 speeies»

127 3050 191 3112 sive
204 3047 304 3128 quoad
318 3048 411 3128 ipsius
424 3047 577 3124 membra,
592 3047 654 3110 sive
665 3047 788 3112 tandem
802 3050 900 3132 quoad
914 3051 1007 3134 ipsius
1021 3061 1093 3118 tem·

129 3135 244 3220 porulia
259 3155 266 3196 :
283 3134 364 3197 unde
377 3143 603 3216 quatuorerunt
617 3137 802 3220 paragraphi.

582 3297 599 3375 ᾗ
619 3299 641 3357 1.

314 3427 359 3492 He
368 3427 546 3508 ontr'quitotr
560 3427 754 3490 institutionis
769 3426 916 3511 Capituli.

170 3569 261 3632 alst.
288 3585 304 3624 o
324 3564 455 3645 Quisque
465 3563 751 3646 EpisoopuS‚inquit
765 3567 854 3628 Nardi
864 3569 923 3648 (ep.
934 3571 971 3631 D.
989 3570 1094 3650 Bonis,

129 3679 146 3720 a
175 3655 217 3718 oe
233 3651 398 3728 Capitulis,
416 3671 447 3732 p.
467 3654 507 3730 3),
523 3651 699 3715 etiamdum
712 3653 845 3716 viverent
867 3657 1016 3734 Apostoli,
1040 3657 1095 3718 sibi
