2522 4028
479 163 565 218 arsen
586 164 702 215 rnruus.
1020 147 1078 218 ert

97 297 155 342 cus
168 279 218 353 20,
234 273 302 341 dist.
317 277 356 340 81
374 295 383 338 r
402 274 560 338 cGlericus
573 272 655 334 solus
668 271 705 334 ad
720 271 839 334 feminco
851 269 1077 338 tabernucuium

98 391 117 428 r
144 387 209 430 non
229 363 361 430 accedat.¹
377 387 393 424 n
410 366 481 444 Cap.
495 370 596 424 autem
613 359 725 423 Clerici
738 363 786 429 32,
810 359 917 422 ibidem
930 408 939 438 ,
954 362 997 424 sic
1015 365 1076 426 ait:

103 479 123 517 r
144 457 251 538 Clerici
274 455 320 518 rel
340 453 531 517 continentes
551 451 588 512 ad
611 449 713 512 viduas
732 447 779 510 rel
798 449 948 530 virgines,
972 451 1078 515 nisiex

98 568 117 606 a
142 546 231 625 jussu
242 545 286 607 vel
298 543 447 626 permissu
457 541 674 625 Episcopprum
685 545 738 600 aut
751 538 1005 620 presbyterorum,
1018 560 1078 604 non

99 655 118 694 r
145 635 300 698 accedant.
317 635 379 696 Nec
397 631 454 714 ipsi
475 629 613 711 Episcopi
628 627 836 711 etpresbyteri
852 627 906 692 soli
926 647 1079 693 accessum

101 746 120 782 s
144 723 275 786 habeant
289 721 327 784 ad
341 719 511 800 hujusmodi
528 717 675 792 seminas3
697 716 748 794 sed
765 716 804 777 ibi
824 722 876 778 aut
889 715 987 780 clerici
1003 739 1071 800 prce·

100 835 120 872 a
146 819 247 876 sentes
260 813 336 886 sint,
348 819 400 873 aut
413 809 461 871 alii
476 825 580 889 graves
593 805 757 869 christiani.
771 827 786 864 r
798 805 854 866 Hic
866 824 964 870 canon
975 809 1078 890 praeoi·

102 905 169 984 pue
183 901 306 982 respicit
318 917 463 983 personas
477 899 538 958 Deo
551 895 675 958 dicatas.

146 995 238 1054 2091.
261 991 346 1052 Circa
364 986 615 1051 cohabitationem
636 1003 707 1047 cum
725 985 921 1061 mulieribus,
941 988 1078 1050 nonnulli

104 1081 241 1143 severius
260 1077 299 1142 de
322 1075 477 1160 Episcopis
500 1076 682 1148 sentientes,
705 1079 869 1136 tenuerunt
891 1093 943 1138 eos
966 1078 1079 1140 nullam

105 1169 288 1244 mutierem,
305 1165 467 1249 nequidem
488 1169 614 1225 matrem
633 1169 683 1224 arrt
703 1182 853 1241 sororem,
869 1183 973 1228 secum
995 1167 1079 1230 habi-

104 1265 172 1321 tare
186 1275 289 1340 posse3
305 1256 372 1330 sed,
394 1255 492 1334 inquit
512 1251 778 1333 Schmabgrueber
800 1253 881 1332 apud
905 1255 998 1318 Bouix
1022 1257 1080 1335 (Dr

120 1352 273 1422 Peracto,
295 1352 365 1406 tom.
386 1348 416 1420 2,
432 1363 462 1425 p.
479 1344 548 1419 601)
571 1359 580 1404 r
604 1341 708 1402 aChm
732 1341 812 1403 nulla
829 1341 899 1420 talis
921 1344 1080 1425 prohibitio

106 1457 123 1494 r
148 1433 400 1516 reperiaturiacta
413 1432 608 1513 Episcopis..‚
623 1429 690 1492 ideo
699 1429 875 1504 dicendum,
886 1433 939 1493 etsi
954 1435 1080 1497 omnino

105 1545 123 1584 r
149 1523 304 1585 honestius
324 1529 356 1584 et
375 1522 471 1601 magis
492 1519 664 1582 consultum
679 1519 717 1579 sit
731 1525 763 1580 ut
778 1519 987 1596 hujusmodi...
1003 1542 1080 1585 con-

106 1633 124 1672 r
144 1613 305 1690 junctas...
321 1611 350 1673 in
365 1610 458 1672 domo
472 1607 528 1670 alit
544 1611 679 1690 separata
693 1605 873 1683 habeant...‚
889 1627 961 1671 casu
978 1617 1079 1673 tamen

106 1721 123 1758 a
147 1719 210 1781 quo
224 1699 356 1780 suspicio
367 1695 595 1760 incontinentiae
611 1702 642 1758 et
660 1693 791 1758 scandali
808 1695 974 1776 periculum
985 1699 1079 1777 abest,

106 1811 124 1849 r
148 1788 228 1851 licite
241 1787 363 1852 eosdem
379 1803 465 1868 posse
484 1785 561 1847 intra
575 1783 714 1846 eamdem
732 1782 858 1846 domum
871 1832 879 1861 ‚
894 1785 947 1847 sed
962 1787 993 1848 in
1007 1805 1080 1850 con·

106 1899 124 1936 a
148 1877 280 1940 claribus
298 1875 461 1950 distinctis,
476 1874 647 1937 cohabitare
665 1873 754 1935 matri
777 1879 807 1935 et
820 1873 885 1936 aliis
906 1873 1026 1939 feminis
1049 1879 1080 1938 in

106 1987 124 2026 r
149 1967 248 2048 primo
255 1971 287 2028 et
299 1963 434 2027 secundo
443 1963 538 2044 gradu
545 1961 726 2042 conjunctis,
735 1979 807 2024 cum
821 1964 955 2046 ipsarum
965 1965 1081 2029 ancillis

107 2079 125 2116 r
148 2063 179 2118 et
188 2053 401 2137 pedissequis.»
414 2051 535 2133 Regulos
544 2069 617 2132 ergo
626 2051 791 2132 generales,
801 2053 880 2116 circa
890 2053 1082 2118 cohabitatio-

109 2163 183 2207 nem
198 2145 375 2207 clericorum
389 2159 459 2203 oum
471 2139 667 2217 mulieribus,
682 2140 839 2222 Episcopis
851 2142 929 2206 siem
941 2142 1006 2206 aliis
1019 2144 1080 2209 cle-

108 2234 181 2296 ricis
194 2231 381 2316 applicandae
392 2236 473 2292 sunt.

149 2326 237 2385 2092.
261 2324 304 2384 De
318 2321 374 2382 hto
382 2319 602 2382 cohabitatione
616 2320 747 2402 primum
758 2321 867 2401 Magna
880 2321 1020 2402 synodus
1033 2324 1082 2386 Ni-

112 2429 194 2474 raena
203 2411 374 2474 sicstatuit:
387 2407 566 2469 «interdixit
576 2427 629 2491 per
638 2409 741 2470 omnia
752 2411 1008 2491 MagnaSynodus
1018 2432 1081 2476 non

108 2522 126 2562 r
149 2499 319 2581 Episcopo,
335 2516 396 2559 non
412 2497 598 2579 presbytero,
615 2515 676 2559 non
690 2497 820 2560 diacono
835 2517 890 2560 neo
904 2500 992 2562 alicui
1011 2520 1081 2563 om·

108 2611 126 2650 r
151 2591 224 2651 nino
238 2587 289 2670 qui
312 2587 344 2649 in
365 2586 446 2649 clero
463 2595 527 2662 est,
550 2586 640 2648 licere
661 2586 911 2648 subintroductam
934 2590 943 2626 ¹
971 2589 1081 2653 habero

109 2700 126 2739 r
150 2678 329 2753 mutierem,
346 2675 402 2736 nisi
417 2673 492 2736 sorte
506 2682 557 2738 aut
569 2682 695 2737 matrem
719 2682 772 2738 aut
791 2695 926 2738 sororem
940 2685 991 2740 aut
1009 2679 1082 2740 ami·

114 2789 131 2829 r
154 2773 232 2836 tam.
253 2765 300 2828 rel
317 2781 369 2828 eas
384 2766 502 2825 tantbm
524 2783 683 2846 personas,
703 2784 772 2848 quae
785 2766 989 2849 suspicionem
1005 2767 1080 2831 effu·
1130 2831 1135 2839 ,

112 2879 128 2922 r
152 2858 272 2938 piant.»

151 2945 196 3007 hd
220 2945 366 3027 quasdam
385 2945 457 3008 alias
475 2961 619 3026 personas
641 2944 793 3008 licentiam
811 2945 944 3009 extendit
966 2947 1078 3011 concii.

110 3034 246 3116 Carthag.
262 3035 317 3106 111,
341 3033 412 3096 anni
430 3037 486 3095 391
508 3053 516 3095 :
536 3033 580 3096 sio
594 3033 675 3096 enim
696 3033 804 3096 dicitur
828 3035 859 3097 in
878 3053 995 3100 canone
1017 3042 1078 3100 t'i:

116 3145 132 3184 c
149 3125 189 3186 Ut
201 3141 272 3186 cum
293 3123 435 3185 omnibus
449 3123 575 3184 omnino
588 3123 704 3185 clericis
717 3129 865 3186 extraneae
880 3124 999 3187 ieminae
1019 3145 1080 3188 non

110 3235 127 3274 r
150 3212 335 3288 cohahitent;
350 3211 403 3274 sed
417 3211 489 3273 satra
502 3219 629 3288 matres,
644 3213 716 3275 aviae
726 3219 756 3274 et
770 3221 947 3291 materterae,
963 3215 1078 3294 amitae,

111 3323 127 3362 r
150 3319 267 3364 sorores
284 3310 313 3364 et
327 3300 396 3363 tue
418 3299 543 3363 fratrum
561 3308 614 3364 aut
634 3319 773 3364 sororum
786 3307 816 3363 et
829 3321 1030 3384 quaecumque
1043 3321 1080 3366 ex

112 3412 127 3451 ι
149 3387 261 3453 familia
271 3437 279 3466 ‚
291 3390 457 3453 domestict
471 3390 662 3465 necessitate,
677 3391 768 3454 etiam
781 3400 945 3473 numquam
962 3392 1079 3457 ordina·

143 3517 151 3547 ⁰
168 3513 202 3566 lte
214 3513 396 3580 significatione
408 3514 482 3582 hujus
493 3514 571 3576 voris,
581 3513 637 3565 ride
649 3514 740 3566 sensu
753 3514 810 3574 xlv,
823 3516 923 3583 DeSpa.
932 3517 1078 3584 mmcd,

113 3585 153 3638 tt.
167 3587 206 3650 11,
220 3600 275 3654 cap.
286 3587 309 3649 1,
323 3586 359 3635 ut·
368 3587 431 3648 t·5;
442 3593 466 3638 at
476 3583 566 3640 mter.
577 3585 682 3652 hader„
693 3585 744 3640 Sur
754 3587 788 3638 les
799 3587 875 3640 litata
