2486 3984
371 251 377 256 ,
417 195 504 244 ursan
524 196 642 244 asinus.
977 183 1015 245 95

58 291 202 374 laquem,
220 301 253 354 n·
267 295 315 354 ot.
327 291 399 354 Vide
414 292 505 354 etiam
519 292 659 358 collator.
674 289 782 364 Paris,
797 287 935 352 Collator.
951 291 1007 349 An·

56 377 127 458 dep,
146 381 255 461 badly,
271 383 331 442 ΠΙ).
345 381 483 460 nouiter,
494 381 555 443 tn.
568 379 702 444 Carribre
721 379 841 455 citatos;
856 385 886 440 et
899 377 1015 460 ipsum·

57 477 110 530 met
124 471 281 550 Laqueus,
298 482 330 531 n⁰
341 474 409 533 392.

90 559 168 620 llulti
183 561 304 621 econtra
314 558 467 622 affirmant
480 577 535 644 pro
548 559 668 623 casibus
683 557 734 641 qui
749 560 766 620 a
778 559 847 637 jure
862 575 923 620 non
938 557 1015 620 exci-

57 646 179 728 piuntur,
196 648 272 710 inter
286 666 363 730 quos
378 668 439 711 non
454 649 692 730 computandum
714 653 760 710 est
773 647 1015 710 Matrimoninmt

61 757 73 792 r
91 737 168 798 Ratio
181 745 226 800 est
243 737 326 818 quod
348 739 517 804 Concilium
531 739 665 802 Trident.
682 737 782 819 exigat
796 739 916 798 tantirm
930 736 1018 797 assis-

57 845 69 880 a
90 825 207 888 tentiam
220 825 384 890 sacerdotis
397 828 436 890 de
449 828 568 891 licentia
582 827 723 910 parochi,
740 834 769 889 et
791 825 864 888 nibil
878 826 1019 887 decernat

59 913 124 976 ide
144 914 218 978 loco.
242 917 371 999 Insuper
393 918 561 981 assistentia
583 917 774 981 Matrimonio
795 934 857 978 non
878 922 1019 977 estactus

59 1023 73 1062 a
90 1003 335 1081 jurisdictionis...
346 1007 460 1070 Pariter
471 1007 590 1070 licentia
604 1025 666 1070 non
680 1013 726 1068 est
739 1004 860 1087 proprie
873 1003 953 1065 dicta
966 1001 1019 1064 de-

60 1111 73 1150 a
92 1090 205 1174 legatio,
218 1095 273 1158 sed
284 1095 433 1174 conditio,
448 1101 510 1178 qua
523 1097 635 1179 posite,
646 1095 813 1159 Concilium
828 1095 926 1176 ipsum
940 1089 1020 1154 dele

59 1200 72 1238 a
92 1183 234 1262 galionem
247 1184 402 1248 confert...
414 1187 495 1267 Ergo
505 1186 587 1248 nulla
600 1191 645 1248 est
655 1185 730 1247 ratio
743 1203 798 1248 cur
811 1182 942 1246 exerceri
956 1200 1019 1243 non

60 1291 72 1326 r
93 1271 177 1350 possit
184 1280 267 1336 extra
286 1275 470 1338 territorium
485 1274 619 1358 parochi.
635 1297 651 1334 o
668 1277 710 1336 Ita
729 1273 863 1335 Carriere
878 1271 933 1351 (De
953 1270 1020 1330 Mo-

63 1361 143 1428 eim..
160 1373 192 1422 n·
207 1365 297 1442 lm)
311 1365 363 1445 qui
379 1383 433 1446 pro
447 1363 504 1426 hac
521 1365 670 1427 sententia
683 1363 754 1425 citat
767 1361 901 1425 Sanobez
910 1409 917 1438 ,
927 1361 1019 1421 Hais-

61 1445 152 1528 linger,
175 1453 301 1534 lingbu,
326 1451 603 1536 Schmalogrueber,
625 1455 760 1533 Fagnan.
778 1472 785 1513 :
802 1452 899 1514 aflbrri
924 1452 1022 1532 potest

63 1539 137 1599 eliam
150 1539 313 1622 Theologia
325 1543 473 1604 'l'olosana
495 1543 551 1620 (De
574 1541 784 1614 Matrimonio,
797 1557 865 1622 cap.
876 1543 911 1617 2,
922 1547 977 1601 art.
990 1541 1017 1615 l,

61 1624 124 1704 §lb
141 1645 224 1710 prop.
241 1635 287 1707 2⁸,
303 1633 438 1712 quarto),
457 1641 514 1693 ete.

96 1716 276 1782 rorationes
292 1719 531 1782 adversariorum
546 1717 723 1800 responderi
743 1723 841 1800 potest
861 1716 943 1798 qudd
956 1716 1022 1778 Gle-

63 1811 143 1866 ment.
158 1807 275 1869 Dudum
285 1807 366 1870 dicat
380 1809 503 1890 quidem
515 1809 669 1891 regulares
756 1807 952 1889 approbatos,
969 1825 1022 1867 ne-

63 1895 136 1972 quire
148 1903 226 1958 extra
239 1897 309 1959 loca
323 1897 353 1958 in
364 1897 475 1979 quibus
488 1897 610 1960 luerunt
618 1896 773 1979 approbati
786 1943 794 1974 ‚
809 1896 913 1958 audire
927 1895 1022 1958 aalide

64 1987 87 2040 et
103 1981 174 2046 licito
198 1985 406 2049 consessiones
429 1986 564 2050 fidelium
584 1985 719 2048 locorum
746 2003 801 2067 pro
826 1985 937 2066 quibus
961 2004 1021 2047 non

64 2068 170 2134 luerunt
182 2075 339 2156 approbati
351 2076 392 2152 ,si
403 2073 526 2157 quidem
536 2093 591 2157 pro
602 2075 638 2137 iis
648 2075 1020 2154 carebantjurisdictione;

64 2160 106 2218 saal
120 2164 239 2226 minime
248 2164 341 2242 dicat,
353 2172 436 2226 extra
450 2164 579 2226 indicata
588 2164 665 2242 loca,
680 2183 742 2226 non
757 2183 844 2246 posse
854 2165 958 2226 saltem
972 2183 1021 2225 va·

66 2245 114 2307 lidi
126 2252 225 2314 audire
238 2253 446 2316 conlassionos
466 2255 599 2318 lidelium
614 2255 751 2316 locorum
765 2273 820 2336 pro
834 2253 944 2334 quibus
959 2253 1022 2315 lue-

66 2347 123 2399 runt
135 2343 300 2422 approbati.
317 2342 404 2406 Unde
419 2343 492 2406 nibil
506 2343 751 2406 concludendum
761 2344 863 2407 exhalo
877 2343 1020 2405 Clamant.

66 2435 155 2491 contra
168 2431 533 2496 secundanrsontentiam.
960 2435 962 2440 ’

98 2519 193 2588 Quoad
219 2520 456 2584 declarationem
485 2525 516 2586 S.
541 2523 651 2605 Gongr.
681 2524 773 2587 Cone.
801 2525 818 2586 a
844 2521 974 2584 Barbost
996 2528 1024 2584 et

68 2603 193 2684 lognano
212 2609 353 2681 relatam,
370 2611 532 2694 respondet
545 2615 580 2674 D.
598 2612 733 2675 Carriere
749 2611 787 2673 de
803 2610 882 2672 illius
898 2610 1024 2672 authen-

69 2693 162 2759 ticitate
188 2717 251 2762 non
274 2705 422 2763 constare.
438 2702 482 2764 lta
495 2701 587 2766 etiam
604 2699 767 2782 Theologia
788 2699 936 2761 Tolosana
950 2698 1026 2778 (loco

68 2787 264 2868 supracitato).

103 2875 181 2936 1525.
203 2888 237 2940 ln
264 2876 323 2942 hoc
344 2883 445 2942 autem
469 2880 649 2962 opinionum
673 2879 834 2956 conflictu,
863 2879 1024 2962 prudenter

70 2966 140 3022 extra
149 2967 354 3030 necomitatem
369 2969 504 3032 vicarius
523 2987 555 3032 se
569 2969 731 3032 abstinebit
742 2971 780 3032 ab
794 2971 935 3033 exercitio
949 2991 1025 3053 prar-

71 3045 137 3111 dicto
158 3055 372 3132 jurisdictionis
384 3067 468 3122 extra
487 3058 671 3142 parochiam.
699 3060 799 3123 Posito
821 3067 921 3124 tannen
945 3061 1026 3142 quod

72 3153 127 3199 eam
150 3147 331 3218 exercuerit,
353 3149 579 3211 Matrimonium
606 3150 793 3213 censendum
817 3152 872 3211 erit
894 3151 1027 3212 validum

73 3225 139 3305 iusta
152 3235 327 3298 sententiam
339 3257 433 3320 quam
443 3239 475 3300 S.
492 3239 610 3320 Liguor.
624 3240 691 3319 (lib.
708 3245 781 3316 l‚n⁰
795 3244 844 3316 50)
858 3247 943 3302 vocat
956 3259 1030 3300 com·

74 3319 251 3384 nouissimam
260 3340 272 3396 ;
286 3326 356 3406 quia
376 3327 406 3388 in
425 3327 483 3390 boo
500 3347 572 3390 casu
595 3327 729 3391 Ecclesia
742 3329 882 3411 supplere
896 3327 972 3388 valet
983 3329 1029 3408 ju·

75 3401 258 3500 fislictionem
273 3422 303 3476 et
312 3417 420 3476 merim
434 3423 644 3497 praesumenda
657 3427 700 3481 est
714 3437 782 3480 eam
796 3418 947 3499 supplere.
963 3419 1028 3480 lmd

76 3503 143 3568 iuxta
155 3500 298 3585 principia
317 3503 453 3583 ejusdem
472 3508 503 3568 S.
526 3508 649 3589 Lignor.
664 3507 791 3569 vicarius
811 3507 952 3568 assistens
965 3508 1028 3565 Ma·

79 3581 200 3680 timonio
222 3591 253 3652 in
270 3593 395 3674 praelato
412 3613 486 3658 casu
502 3602 555 3660 aut
571 3595 758 3662 sacerdotem
778 3591 1031 3674 delegauerant
