2522 3996
503 205 589 254 ussa
609 206 726 253 tainus.
1083 203 1104 261 8

125 303 309 372 lansenlsmi
324 323 435 390 pratens
444 307 577 368 loannes
586 307 634 367 Du
648 305 762 387 Verger
775 304 814 368 de
827 308 1009 387 Hauranne,
1025 313 1102 376 San·

126 397 236 478 cyrani
251 397 363 473 bbbas,
379 394 558 458 affirmando
575 393 722 476 parochos
736 413 802 458 esse
816 395 848 457 in
870 398 932 460 suis
952 403 1102 482 parochiis

125 487 254 549 minores
271 486 432 568 Episcopus
445 503 457 548 .·
473 483 608 566 opinioni
625 483 759 565 magistri
778 491 840 547 tota
862 487 987 551 adhaesit
1001 491 1102 555 schola

124 577 366 638 lansenistamm
377 623 385 652 ,
395 577 413 637 a
422 573 533 656 quibus
544 573 843 638 innumeriinluoem
855 575 927 640 editi
941 578 1025 642 ruera
1034 581 1101 644 libri

125 663 308 746 parochlsmi
323 663 476 726 erroribus
490 663 696 725 scaturientes.

167 757 256 818 1889.
283 752 415 816 Audacia
428 750 600 814 antecelluit
613 751 794 832 Egmundus
807 753 936 831 Richer,
957 757 1102 824 Sorbonae

126 842 291 924 syndicus,
311 843 398 922 ouius
416 840 554 903 doctrina
571 839 626 916 sic,
638 841 723 920 Juxta
737 842 773 904 D.
796 843 891 906 Bouix
905 844 971 924 (iu,
987 867 1018 929 p.
1039 851 1097 928 87),

125 932 239 995 resumi
251 937 349 1015 potest
363 951 372 992 ε
386 929 491 992 «Nihil
506 947 594 1011 posse
607 928 717 992 Sedem
734 931 935 1012 apostolicam
949 935 981 998 in
995 935 1100 1001 dioece

125 1021 250 1084 »sibus
277 1021 390 1102 absque
417 1037 568 1082 consensu
594 1019 833 1101 Episcopornm;
862 1022 936 1085 nihil
970 1025 1099 1090 vicissim

125 1133 141 1168 1
165 1129 255 1193 posse
268 1111 452 1192 Episcopum
474 1109 506 1169 in
520 1109 677 1190 paroeciis,
700 1109 756 1171 nisi
772 1113 1029 1178 consentientibus
1045 1135 1100 1197 pa-

126 1219 142 1258 1
166 1199 277 1262 rochis.
289 1197 427 1272 r-Ould
441 1197 567 1260 senserit
577 1196 688 1278 Bailly,
704 1197 771 1260 vide
780 1197 893 1262 dictum
907 1219 998 1284 supra
1008 1203 1096 1286 (680).

170 1287 350 1352 «Parocbis
372 1295 473 1350 notum
496 1284 721 1349 deliberativum
742 1286 774 1348 in
791 1287 933 1352 Ecclesia
953 1293 1102 1372 regimina

126 1403 143 1440 a
166 1379 294 1442 asseruit
316 1376 424 1441 Simon
446 1375 554 1457 Vigor,
579 1373 688 1438 ardens
710 1374 889 1454 Richerista‚
917 1380 969 1460 qui
988 1382 1101 1462 primas

125 1493 142 1530 r
165 1475 267 1552 partes
281 1467 344 1550 egit
363 1467 394 1528 in
417 1482 581 1546 congressu
594 1463 698 1527 dicto:
720 1465 827 1546 Prcjct
848 1465 1099 1550 1181119111-

126 1581 142 1620 1
167 1559 258 1620 tuine.
273 1579 289 1616 a
307 1555 410 1634 (Ilia.)

164 1647 303 1711 lllorinus
315 1645 378 1708 uult
399 1649 518 1709 curatus
539 1643 632 1706 luisse
650 1641 815 1725 antiquitus
830 1647 966 1708 Pastoree
982 1666 1100 1712 nuncu-

125 1745 221 1821 patos.
239 1738 270 1799 Si
284 1741 387 1800 autem
408 1733 557 1797 Juvenino
578 1731 732 1808 credatur,
753 1733 875 1814 parochi
889 1741 961 1798 sunt
982 1737 1100 1800 institu-

124 1829 216 1890 tionis
228 1825 348 1897 diainaa
365 1824 457 1887 iidem
467 1842 503 1886 ac
516 1823 536 1884 ii
551 1823 603 1906 qui
618 1822 758 1904 primitus
770 1823 936 1905 presbytcri
952 1825 1100 1889 vocaban-

124 1926 196 1996 tur,
218 1915 352 1990 Prrelati,
382 1912 552 1994 Principes,
581 1912 736 1974 seniorum
763 1917 792 1975 at
817 1916 857 1974 72
882 1912 1100 1996 discipulorum

126 2023 335 2080 successores3
350 2009 435 2066 retus
448 2001 669 2084 presbyterium
683 1999 891 2078 eliorrnantes,
916 2003 948 2065 in
968 2005 1100 2085 regenda

126 2095 249 2160 diecesi
263 2099 361 2176 partes
381 2091 546 2165 habebant,
568 2088 606 2152 de
626 2089 725 2152 causis
741 2091 906 2170 majoribus
920 2093 1098 2172 noscebant,

126 2186 310 2268 poenitentes
327 2180 465 2264 publicos
483 2178 691 2255 absolvebant,
714 2185 870 2242 tonsuram
888 2181 1098 2260 conferebant,

125 2270 452 2346 excommunicabant,
467 2275 524 2330 etc.
542 2268 663 2348 (Bouix,
679 2267 734 2345 it,
751 2289 780 2350 p.
798 2272 857 2347 88).

165 2367 256 2426 raon.
280 2361 334 2422 His
348 2359 451 2440 aperte
464 2357 541 2419 lavet
547 2359 611 2418 Van
623 2359 738 2439 Espen,
752 2357 803 2440 qui
819 2358 896 2422 inter
904 2359 1000 2422 multa
1012 2361 1101 2424 baete

123 2451 239 2515 rodoxa
247 2452 370 2531 insuper
381 2447 488 2510 docet:
501 2449 616 2508 «Posse
626 2445 768 2509 clericum
777 2466 870 2528 quem
883 2467 956 2511 suus
965 2451 1097 2532 superior

122 2565 140 2603 r
164 2540 387 2605 ecclesiasticus
411 2539 540 2600 censura
562 2535 706 2618 perculit,
730 2535 768 2597 ad
790 2536 977 2600 Gubernium
997 2557 1102 2603 recur-v

122 2655 140 2692 o
165 2650 233 2694 rere
248 2649 256 2690 :
273 2630 361 2710 cujus
376 2625 400 2690 si
421 2626 638 2708 protectionem
661 2625 807 2700 obtineat,
834 2626 913 2690 licite
933 2629 1030 2710 pergit
1052 2647 1100 2692 sa·

124 2744 141 2781 a
163 2737 253 2783 crum
271 2715 473 2779 ministerium
491 2731 644 2785 exercere,
663 2714 736 2775 nihil
750 2731 860 2776 curans
873 2715 912 2777 de
924 2719 1053 2779 censura
1070 2725 1102 2781 et

122 2833 140 2870 a
165 2809 329 2890 Superiora
351 2821 407 2870 suo
430 2803 641 2866 ecclesiastico.
663 2805 729 2876 Qua
756 2803 863 2884 regula
885 2805 1023 2885 parochis
1048 2825 1101 2888 ap-

122 2920 141 2958 »
164 2897 292 2981 plicatu,
307 2911 399 2956 nemo
420 2910 483 2956 non
496 2891 576 2955 videt
588 2910 641 2954 eos
654 2890 780 2954 evadere
797 2891 835 2954 ab
855 2893 1004 2976 Episcopo
1019 2915 1101 2977 pror·

123 3009 142 3047 ι
165 3005 218 3050 sus
241 2983 501 3067 independentes,
524 2980 616 3044 modb
639 2979 670 3042 in
692 2979 723 3042 id
745 2983 914 3046 consentiat
932 2985 1028 3049 civilia
1049 3005 1101 3066 po·

125 3099 142 3136 ι
165 3081 301 3138 testas.»

165 3167 235 3227 Non
250 3163 321 3225 satis
330 3161 369 3224 ab
381 3161 438 3224 bac
450 3163 517 3222 Van
528 3160 629 3241 Espen
642 3157 778 3222 doctrina
791 3177 824 3223 se
837 3161 951 3224 alienos
964 3161 1100 3226 ostenda

125 3260 199 3320 runt
212 3251 338 3336 quidam
347 3249 447 3313 clerici
461 3257 491 3313 et
502 3247 623 3331 parochi
634 3248 732 3330 gallici
744 3248 813 3329 qui,
824 3248 871 3312 his
884 3251 1101 3316 recentioribus

127 3345 231 3418 annis,
247 3339 286 3404 ad
300 3340 464 3404 Consilium
477 3339 578 3401 Status
586 3337 777 3421 appellarunt
788 3346 893 3402 contra
902 3358 1045 3404 censuras
1057 3340 1101 3405 eis

127 3451 183 3516 per
195 3450 267 3494 suos
280 3430 422 3494 Praelatos
433 3426 571 3490 inflictae.

171 3525 257 3584 1191.
279 3521 315 3582 In
329 3517 429 3596 ltalia,
445 3515 660 3599 Gundagninus
679 3515 915 3580 zelantissimum
927 3536 960 3582 se
972 3518 1101 3579 ostendit

131 3607 315 3674 Parochismi
329 3613 534 3690 promotorem
541 3605 573 3668 ln
584 3624 642 3669 suo
651 3625 743 3688 opere
755 3631 761 3668 τ
774 3605 820 3668 De
832 3607 912 3684 antiq
917 3605 955 3668 11
961 3606 1102 3684 perucia·
