2486 3984
206 253 259 314 roo
421 272 557 323 ,aluums
578 269 679 316 rorrus
698 269 780 315 rums
802 269 949 316 eruomcr.

201 393 215 430 u
241 369 363 446 luerint,
377 387 448 432 cum
462 367 604 430 omnibus
619 366 794 429 necessariis
807 365 997 432 facultatibus
1007 369 1184 434 concedere

202 483 216 518 u
242 465 273 521 ct
284 459 438 540 deputare
454 479 470 516 a

245 552 334 610 1531.
357 549 390 609 ln
405 546 510 608 eadem
527 545 611 608 Bulla
623 545 785 626 ,inquitS.
801 545 937 627 Liguor,
950 547 1186 630 sanciturqubd

207 662 220 692 o
244 636 408 712 llloniales,
432 635 486 696 etsi
502 653 563 696 non
589 640 747 695 teneantur
764 633 1000 696 extraordinario
1014 635 1172 708 (consessa

204 751 216 780 1
244 725 301 804 rio)
314 723 462 798 confiteri,
477 729 634 785 teneantur
643 730 744 783 tamen
759 722 787 784 ei
801 741 833 784 se
847 723 962 798 sistere,
977 722 1016 784 ad
1029 725 1189 788 audienda

205 841 217 870 l
244 811 514 876 monitasalutaria.
526 813 598 873 item
614 809 695 892 quod
707 811 845 893 Episcopi
856 809 913 874 boc
927 811 1007 874 idem
1019 812 1190 876 observent

206 927 220 961 u
246 921 310 963 carm
325 899 566 964 Cmueructoriia.
583 902 657 961 ltem
672 899 753 979 quod
769 900 799 960 in
814 898 939 962 articulo
953 899 1069 969 mortis,
1086 903 1189 964 cuili-

207 1014 221 1048 »
246 990 296 1050 bet
319 987 441 1050 moniali
464 987 626 1068 postulanti
644 986 826 1049 concedatur
840 989 878 1049 ab
900 989 1049 1070 Episcopo
1062 991 1191 1054 contes-

208 1102 221 1136 r
249 1077 344 1140 sarius
365 1075 552 1158 particularis
574 1095 581 1136 :
606 1081 636 1136 et
652 1075 676 1136 si
691 1077 907 1138 monasterium
930 1078 968 1138 sit
985 1076 1187 1158 exemptum,

209 1192 225 1226 u
250 1184 313 1228 non
325 1163 508 1227 concedente
521 1163 647 1249 Praelata
663 1163 808 1244 regulari,
825 1165 993 1246 assignetur
1003 1165 1040 1227 ab
1054 1167 1189 1247 Episco-

210 1279 224 1314 »
249 1273 325 1336 po...
358 1254 431 1315 ltem
461 1251 543 1334 quod
571 1254 596 1314 si
618 1253 717 1334 aliqua
740 1253 879 1315 monialis
908 1261 1015 1316 renuat
1041 1255 1187 1319 confiteri

210 1367 224 1403 u
249 1342 421 1419 ordinario,
448 1341 607 1423 deputetur
629 1341 657 1402 ei
685 1341 760 1403 alius
782 1341 820 1402 ab
844 1342 992 1424 Episcopo
1012 1361 1067 1424 pro
1090 1349 1189 1410 certis

211 1455 226 1490 r>
250 1431 382 1508 vicibus3
398 1437 428 1493 et
441 1431 466 1492 si
480 1429 695 1492 monasterium
709 1431 747 1490 sit
760 1439 945 1512 exemptum,
961 1433 978 1492 ir
993 1431 1120 1494 Praeleto
1136 1455 1189 1496 rc·

212 1545 226 1579 r>
251 1520 367 1596 gulari,
391 1527 439 1590 et,
456 1520 521 1600 ipso
535 1525 707 1594 recusante,
722 1518 903 1582 concedetur
916 1519 954 1581 ab
968 1520 1118 1602 Episcopo
1138 1525 1188 1585 rel
1233 1553 1234 1562 2

212 1631 227 1669 r
252 1607 473 1671 Poenitentiario
486 1608 608 1686 Maiore.
624 1609 765 1668 Hortatur
783 1613 884 1670 autem
907 1607 1042 1670 Pontifex
1056 1611 1188 1690 Episco-

213 1721 229 1758 ι
254 1716 309 1779 pos
323 1716 361 1760 ne
375 1697 435 1759 sint
446 1695 581 1758 difficiles
594 1695 632 1757 ad
645 1695 846 1776 peculiaribus
855 1695 1036 1758 monialibus
1049 1705 1187 1762 extraor-

213 1811 227 1844 n
253 1785 404 1848 dinarium
417 1785 634 1847 confessarium
657 1783 817 1864 aliquando
830 1785 1001 1866 petentibus
1015 1787 1189 1850 eonceden-

213 1875 337 1936 udum.
356 1874 486 1934 Denibm
501 1872 603 1933 statuit
615 1868 695 1952 quod
710 1871 825 1934 Praelati
839 1872 1016 1935 monialium
1029 1863 1187 1954 regulares

214 1987 229 2024 r>
253 1967 422 2038 teneantur,
437 1960 483 2022 bis
495 1960 592 2022 velter
607 1960 637 2020 in
652 1979 732 2021 anno
736 1979 906 2041 assignare
913 1961 1186 2028 extraordinarium

214 2075 229 2112 u
253 2069 290 2113 ex
313 2049 445 2131 probatis
463 2049 502 2110 ab
523 2049 672 2130 Episcopo
696 2048 732 2110 ad
756 2049 959 2112 confessiones
982 2051 1185 2130 monialium,

215 2164 229 2199 u
254 2139 305 2220 qui
320 2137 425 2199 saltem
439 2136 532 2198 semel
550 2137 581 2196 in
595 2155 676 2198 anno
696 2135 735 2197 sit
746 2137 792 2197 vel
813 2138 981 2213 saecularis,
1000 2139 1046 2200 vel
1061 2139 1188 2204 alterius

216 2251 231 2288 r
255 2225 388 2300 ordinis;
404 2225 476 2286 alias
490 2223 612 2304 deputet
634 2224 719 2285 illum
740 2225 924 2305 Episcopus;
948 2233 978 2287 et
994 2244 1031 2287 eo
1046 2235 1187 2310 tempore
1232 2253 1233 2308 1

216 2340 231 2376 a
255 2313 422 2377 ortlinarius
436 2313 572 2390 nullius,
592 2331 690 2394 neque
706 2313 867 2375 rlbbatissae
891 2333 989 2394 neque
1003 2317 1187 2380 novitiarum
1232 2315 1233 2342 ¹

216 2429 232 2466 a
256 2403 356 2466 audiat
378 2401 622 2465 consessiones.»
645 2404 676 2462 S.
701 2401 821 2480 Liguor.
839 2449 847 2478 ,
868 2401 920 2464 lib.
940 2407 982 2478 6,
1002 2405 1034 2464 n⁰
1051 2409 1123 2468 516.
1145 2441 1187 2454 -

217 2493 291 2556 llide
305 2494 393 2554 etiam
408 2490 575 2554 Concilium
589 2490 796 2551 avenionense
809 2491 901 2567 1819,
917 2511 947 2572 ρ.
963 2491 1183 2572 88.etapp.lll.

258 2583 346 2644 1538.
373 2579 622 2660 «capellanus...
644 2585 870 2661 exemptarum,
892 2579 1013 2642 excluso
1030 2581 1184 2661 parocho,

217 2691 233 2730 a
258 2669 359 2732 omnia
376 2677 578 2742 sacramenta,
592 2666 682 2730 etiarn
700 2667 732 2726 in
750 2666 876 2728 articulo
898 2670 1023 2746 mortis,
1042 2669 1116 2750 ipsis
1136 2671 1187 2733 ad·

218 2781 233 2818 a
258 2759 425 2833 ministret,
440 2758 482 2818 ita
493 2762 528 2819 ut
541 2755 606 2818 loco
617 2753 738 2835 parochi
752 2754 906 2817 habeatur.
923 2777 938 2814 r

258 2845 360 2918 Quoad
383 2843 527 2907 moniales
550 2861 612 2906 non
632 2850 804 2924 exemptas,
826 2849 917 2925 prout
933 2862 1039 2908 omnes
1059 2855 1132 2908 sunt
1155 2847 1185 2910 in

220 2935 329 3011 Gallia,
354 2934 452 2996 solent
464 2932 602 3014 Episcopi
616 2931 759 3012 deputare
772 2931 947 3012 capellanos
960 2951 1031 2995 cum
1045 2933 1185 3000 facultate

219 3023 324 3085 eadem
339 3021 501 3105 peragendi
523 3039 558 3082 ac
571 3020 641 3082 lacit
653 3018 817 3100 parochus,
838 3019 922 3092 licet,
938 3021 1052 3084 seclusa
1066 3023 1097 3083 in
1110 3041 1185 3086 oon-

220 3113 344 3174 trarium
362 3109 599 3184 consuetudine,
618 3107 655 3169 ad
671 3107 832 3190 parochum
845 3109 912 3186 jure
925 3111 1078 3172 communi
1098 3113 1186 3194 perti·
1231 3127 1232 3144 ¹

221 3209 290 3262 neat
303 3199 449 3262 Viaticum
465 3209 494 3259 et
510 3197 873 3260 Extremam-Unctionem
892 3215 953 3260 non
967 3201 1113 3279 exemptis
1128 3203 1185 3262 mi·

222 3289 357 3350 nistrare.
370 3321 407 3333 -
421 3285 496 3347 Vide
506 3285 648 3354 Ferraria
664 3296 694 3345 v·
704 3283 877 3366 Capelianus
889 3287 1067 3356 monialium,
1084 3287 1126 3348 n‘·
1140 3294 1187 3350 l'l·

221 3381 255 3438 al
271 3397 278 3450 ;
295 3411 334 3422 —
350 3375 453 3446 llouix,
470 3373 513 3436 De
528 3373 668 3447 Paroclro,
680 3391 710 3453 p.
727 3377 781 3435 661
795 3393 804 3449 ;
820 3407 853 3420 -
868 3379 900 3436 et
911 3393 1001 3456 supra
1010 3374 1088 3438 dicta
1102 3379 1184 3454 (612,

224 3463 318 3536 1359,
335 3464 428 3532 lats,
445 3464 543 3540 1385).

264 3553 352 3612 1539.
375 3551 438 3612 lmo
448 3549 618 3612 confessarii
629 3551 1052 3632 Conservatoriorumpossunt
1060 3551 1187 3616 feminas

225 3637 446 3701 sonservatorio
459 3638 637 3718 adscriptas,
653 3638 707 3699 etsi
721 3645 803 3700 extra
813 3637 1027 3702 monasterium
1040 3640 1184 3712 existant,
