2522 3992
182 262 241 320 438
401 275 537 323 urucam
551 276 658 322 nonus
678 274 759 322 runis
781 273 929 321 caucnrcr.

185 394 200 431 a
227 371 316 434 naute
330 389 408 452 pour
421 372 561 436 observer
575 370 783 454 parlaitement
796 387 858 434 une
871 369 925 433 des
939 375 1045 454 quatre
1058 371 1166 453 ragles

183 483 198 518 i>
223 469 284 541 que
307 450 428 544 l’Eglise
448 463 604 524 reconnait
626 480 633 522 :
655 461 679 523 si
701 460 729 523 le
755 459 1053 525 Souveraiu-Pontile
1076 461 1167 544 n’ap-

185 573 200 609 n
226 569 338 632 prouve
360 558 390 614 ct
412 569 451 614 ne
469 549 616 614 condrme
635 556 712 612 cette
732 550 963 626 commonente,
987 555 1017 612 et
1040 548 1168 614 neleur

184 661 201 689 e
224 641 357 704 concede
371 641 397 704 la
413 639 495 722 regle
515 639 642 722 qu'ony
662 638 804 719 observa,
820 657 871 703 ees
884 638 1023 704 hommes
1037 657 1076 702 ne
1088 645 1167 702 sont

185 749 200 788 r
227 747 281 812 pas
295 730 450 812 religieux.
466 749 482 790 a

226 827 315 892 idid.
341 831 417 892 ltem
444 825 570 889 omnind
601 826 803 890 necessarium
835 844 901 890 esse
933 827 1168 911 Beneplaeitum

186 919 217 980 S.
237 917 321 980 Sedis
335 935 391 1000 pro
410 917 561 1003 erectione
575 920 741 978 conventus
757 915 934 980 monialium
949 917 980 978 in
994 935 1055 999 quo
1069 917 1165 979 arnit-

187 1006 273 1069 renea
286 1015 354 1068 sunt
369 1015 432 1069 uoto
446 1005 584 1068 solemnia
601 1051 609 1080 ,
625 1005 774 1068 sustinent
787 1005 893 1068 eadem
904 1006 1046 1070 Analecta
1061 1006 1166 1086 (reid,

188 1095 245 1157 col.
262 1099 337 1170 223,
354 1099 441 1174 ete),
456 1094 527 1157 etin
544 1094 750 1176 probationem
764 1094 894 1158 efferunt
908 1095 1167 1159 consultationem

188 1184 295 1246 lectam
310 1201 411 1246 coram
435 1186 466 1247 S.
491 1184 602 1265 Congr.
618 1183 758 1266 Episcop.
780 1191 809 1247 et
831 1183 971 1266 Regular.
996 1203 1052 1267 pro
1070 1190 1168 1250 cause

189 1275 366 1355 respiciente
381 1273 506 1336 Galliam
516 1321 524 1351 ,
536 1275 567 1334 in
577 1277 637 1356 qua
647 1272 810 1335 affirmatur
825 1274 942 1337 Bullam
958 1275 1171 1338 instaurandae

189 1365 293 1425 lnnoc.
310 1365 334 1426 x
350 1381 415 1426 esse
429 1361 638 1444 applicandam
653 1363 841 1426 monasteriis
852 1363 1041 1437 monialium,
1054 1369 1084 1426 et
1097 1365 1170 1446 qui-

189 1450 260 1514 dem
274 1453 364 1515 etiam
375 1460 457 1515 extra
471 1452 601 1524 ltaliam,
617 1457 647 1513 et
660 1451 756 1513 taliter
767 1452 920 1514 censuisse
934 1454 965 1514 S.
981 1453 1170 1534 congregat.

192 1541 237 1604 dd
252 1541 389 1604 eamdem
410 1541 516 1604 thesim
538 1539 746 1603 stabiliendam
767 1541 869 1604 multae
883 1553 1089 1623 congeruntur
1104 1545 1168 1606 De·

191 1631 367 1694 claraliones
382 1633 413 1693 S.
429 1631 539 1712 Congr.
557 1631 775 1711 Episcoporum
790 1631 820 1692 in
841 1629 972 1693 folliculo
982 1631 1169 1695 eorumden:

191 1721 396 1784 Analectorum
418 1721 532 1781 mensis
551 1719 617 1798 julii
635 1724 709 1782 ¹857
734 1721 795 1783 tbl⁸
815 1720 879 1782 livr.
894 1768 902 1796 ‚
918 1720 977 1782 col.
993 1725 1052 1797 lt,
1069 1724 1166 1800 etc.);

192 1810 255 1872 imd
280 1811 309 1872 in
325 1809 456 1871 folliculo
473 1811 524 1870 40⁸
543 1808 607 1869 lirr.
623 1856 630 1887 ‚
646 1809 704 1870 col.
726 1811 800 1885 tae,
828 1809 972 1871 Analecta
988 1810 1168 1891 Beneplnei·

191 1905 256 1960 tum
276 1901 307 1960 S.
324 1897 408 1960 Sedis
424 1899 584 1977 requirunt
604 1899 822 1979 procreatione
842 1898 1120 1980 Congregationum
1137 1900 1168 1962 in

192 1987 303 2067 quilius
324 1987 385 2048 sola
401 1986 577 2048 emittuntur
591 1993 657 2048 rota
678 1987 825 2069 simplicia
841 2005 849 2047 ε
865 1986 923 2049 hnc
937 1993 1039 2049 lamen
1052 1987 1168 2051 admis-

194 2095 260 2138 sum
277 2093 338 2136 non
361 2075 476 2136 ridetur
496 2075 526 2136 in
548 2075 661 2151 Gallie,
677 2075 728 2137 ubi
744 2076 840 2138 solent
860 2078 1042 2138 monasteria
1056 2079 1168 2142 mulie-

193 2185 262 2226 rum
275 2165 348 2246 erigi
365 2183 434 2226 cum
445 2165 508 2226 sole
518 2165 655 2246 Episcopi
668 2165 817 2242 licentia¹3
830 2167 932 2246 perrel,
944 2166 1043 2247 inquit
1054 2167 1167 2246 Bouix,

194 2253 289 2316 sicubi
303 2254 402 2334 praxis
417 2253 538 2316 invaluit
558 2252 692 2334 erigendi
713 2255 893 2316 monasteria
914 2253 1028 2336 absque
1043 2256 1074 2318 S.
1091 2258 1171 2319 Pon-

194 2341 281 2405 tiliois
302 2343 437 2411 lieentia,
454 2361 516 2404 non
534 2343 650 2405 ridetur
670 2361 724 2405 cur
742 2341 915 2405 damnande
938 2347 1169 2416 esset,ci1min

195 2433 378 2494 contrarium
394 2431 475 2494 nulla
486 2432 532 2494 lex
546 2432 692 2513 allegetur
708 2439 817 2514 praeter
831 2433 955 2494 Constit.
967 2435 1125 2496 Innocent.
1143 2439 1169 2498 x

195 2541 285 2604 supra
300 2522 422 2584 relatam
443 2540 531 2604 quae,
554 2522 596 2584 uti
612 2521 742 2584 diximus
755 2571 761 2591 ,
778 2539 834 2604 pro
848 2521 930 2584 ltalia
944 2530 974 2583 et
987 2521 1096 2586 insulis
1113 2525 1169 2588 ad·

194 2612 360 2692 jacentibus
381 2613 499 2674 tantum
521 2609 578 2673 fuit
601 2611 800 2692 promulgata.
825 2610 912 2690 (Vide
938 2609 984 2673 Da
1007 2611 1167 2692 deputer„

196 2709 217 2763 t.
236 2705 264 2776 l,
281 2721 310 2784 p.
327 2705 411 2780 250.)

237 2805 325 2861 edil.
349 2801 383 2860 In
402 2817 473 2862 raso
493 2817 593 2862 summ
615 2797 707 2860 solius
730 2797 930 2860 translationis
947 2802 1114 2861 conuentus
1130 2802 1169 2863 ad

198 2888 289 2950 alium
311 2888 444 2966 ejusdem
460 2887 517 2950 loci
532 2889 639 2961 situm,
662 2887 716 2948 etsi
740 2887 851 2949 ibidem
869 2889 997 2950 existant
1015 2889 1171 2968 regulares

198 2976 341 3040 hebentes
352 2977 538 3060 privilegium
552 2996 590 3039 ne
604 2976 652 3039 alii
671 2975 747 3037 intra
758 2975 985 3038 determinatam
999 2976 1170 3039 distantiam

199 3065 324 3128 domum
344 3068 480 3146 erigent,
502 3085 564 3127 non
582 3066 744 3147 requiritur
760 3065 985 3147 beneplacitum
1005 3066 1036 3127 S.
1062 3067 1169 3144 Sedis,

199 3155 257 3218 nisi
280 3155 354 3217 sorte
376 3154 564 3236 privilegium
589 3154 746 3236 praelatum
769 3154 859 3216 etiam
882 3153 1052 3217 facultatem
1074 3155 1171 3240 impe·

233 3337 241 3362 ¹
258 3329 340 3396 Excipi
354 3335 434 3380 tamon
448 3327 521 3379 debet
539 3328 665 3380 Provincia
684 3328 877 3381 drenionensis:
889 3328 925 3380 aia
938 3329 1004 3381 anim
1023 3329 1098 3382 babel
1109 3329 1172 3382 ulti·

203 3415 269 3451 morn
278 3399 414 3451 Concilium
425 3399 576 3451 l‘rorinciale
588 3401 645 3450 anni
658 3401 719 3452 tete
732 3401 779 3466 (tit.
792 3403 875 3468 l.eap.
888 3401 912 3460 l,
926 3413 954 3451 nr
964 3402 989 3467 Ι)
1004 3418 1011 3454 :
1025 3401 1078 3454 «Ut
1090 3403 1173 3454 omnia

204 3487 216 3517 a
233 3469 258 3519 in
283 3469 390 3520 Ecclesia
414 3471 456 3521 llci
475 3485 531 3521 curu
549 3472 635 3522 ordine
652 3473 724 3530 liant,
744 3472 838 3522 nullum
857 3472 972 3538 deinceps
995 3475 1173 3526 inonastcrium

206 3559 217 3586 ι
235 3539 356 3602 regulare,
369 3540 420 3591 sire
433 3541 540 3591 uirorum
553 3542 603 3592 sire
615 3535 745 3592 mulierum
759 3541 782 3592 iu
797 3544 881 3593 nostri
892 3542 1018 3594 reatinen
1030 3543 1175 3595 instituatur

207 3625 218 3654 ι
235 3609 328 3673 absque
340 3609 365 3660 S.
387 3611 511 3661 Pantilieis
524 3619 567 3662 aut
582 3615 691 3675 gerrarab
707 3613 884 3678 approbatione
896 3618 940 3664 aut
954 3612 1055 3680 speciali
1066 3627 1173 3666 aenan·

208 3695 218 3720 ι
236 3677 318 3740 ricus,
331 3687 355 3728 et
365 3680 461 3730 licentii
473 3679 601 3730 ordinarii.
617 3697 628 3727 ι
