2522 3996
181 221 198 282 8
398 241 538 311 annuam
558 243 659 291 rorrus
679 243 760 290 aunis
782 243 931 290 coronica.

181 360 196 394 a
219 336 350 402 bendere
372 342 485 422 putavit
500 343 613 406 hierius
635 343 758 425 Lupus,
776 363 792 402 a
815 339 911 424 inquit
927 338 1043 414 Bouix,
1059 337 1149 418 itio,

181 443 211 508 p·
221 431 310 580 iiiii&
325 515 463 580 Diximus
478 513 570 578 liomti
583 515 662 598 forti
671 523 701 579 et
715 516 902 580 Alexandrid
917 517 1068 600 acceptia·
1080 535 1152 580 nam

185 605 456 688 «Epiphanius...
471 605 545 667 dum
551 652 610 667 .....
626 605 781 668 historiam
804 607 862 668 Arii
883 605 1044 682 describit,
1067 605 1152 688 quid·

181 716 196 752 a
220 693 291 756 darn
313 694 352 757 do
373 693 449 756 urbe
473 693 674 756 Alexandrina
695 702 839 776 tanquam
861 696 888 758 ei
906 695 1075 778 peculiare,
1102 703 1153 757 aut

181 807 196 840 a
220 784 301 845 certe
309 791 432 865 propter
445 782 602 844 raritatem
617 784 764 846 memoria
775 783 904 864 dignum
920 831 929 860 ‚
944 784 1037 846 luisse
1052 783 1154 865 plures

182 895 196 928 n
221 871 253 932 in
268 874 304 934 et
317 871 471 941 ecclesias.
489 870 600 954 quibus
609 869 749 949 regendis
762 873 927 954 presbyteri
938 872 1153 954 praeponebam
1259 898 1260 931 1

183 982 198 1017 a
221 966 290 1036 tur,
304 959 357 1041 qui
378 959 577 1022 ecclesiastica
597 977 724 1024 munera
743 967 920 1042 praestarent
936 961 974 1022 iis
1000 961 1053 1042 qui
1074 961 1155 1024 circa
1258 969 1259 982 ¹

184 1065 469 1130 »unamquamque
494 1045 682 1111 domicilium
713 1047 904 1112 haberent.»
931 1051 976 1112 lta
998 1049 1153 1125 Patauina,
1231 1102 1232 1105 ,

183 1155 231 1218 ip·
248 1139 285 1198 D·
301 1135 397 1199 ΒΟΗῙΧ
411 1136 466 1217 (ib.
481 1184 489 1211 ,
505 1155 535 1216 ι).
552 1140 613 1215 39).
629 1139 722 1201 Porrd
740 1138 888 1200 incertum
902 1143 948 1201 est
965 1146 1066 1201 utrum
1081 1153 1157 1219 prae-
1259 1176 1260 1187 .

183 1227 250 1288 lata
263 1225 397 1288 ecclesiae
412 1225 642 1300 Alexandrinae,
656 1228 732 1290 sicut
746 1227 855 1308 pariter
867 1227 940 1288 rarii
954 1227 1030 1290 tituli
1051 1229 1156 1288 Romae

184 1312 359 1385 existentes,
375 1321 475 1378 essent
494 1333 571 1377 verae
590 1315 754 1397 parochiae3
771 1323 801 1376 et
819 1315 942 1398 insuper
955 1315 1013 1377 boc
1029 1323 1093 1378 erat
1103 1335 1155 1398 pe-

183 1403 296 1466 culiare
309 1402 515 1474 Alexandria,
530 1405 613 1484 Juxta
627 1404 658 1465 S.
675 1403 887 1485 Epiphaniam.
904 1406 984 1485 Ergo
998 1403 1071 1466 nihil
1086 1403 1156 1467 inde
1259 1406 1260 1467 3

184 1500 281 1572 potest
293 1489 433 1556 concludi
447 1493 479 1554 in
494 1493 619 1574 gratiam
634 1491 758 1555 aliarum
774 1491 980 1555 ecclesiarum.

224 1580 303 1644 Nihil
317 1581 422 1645 contra
440 1581 549 1644 thesim
569 1581 652 1662 argui
674 1588 771 1662 potest
790 1599 826 1643 ex
844 1599 881 1644 eo
897 1581 979 1662 qudd
994 1580 1154 1663 primitiis,

186 1689 247 1733 non
262 1680 326 1733 erat
338 1670 458 1734 solitum
473 1670 612 1732 ordinare
627 1669 815 1751 presbyteros
831 1670 887 1732 nisi
901 1671 989 1734 alicui
1004 1671 1089 1733 titulo
1102 1689 1156 1734 seu

185 1762 318 1823 ecclesiae
331 1761 531 1841 alligarentur.
543 1793 582 1803 -
593 1761 684 1832 Nam,
699 1759 740 1819 ait
755 1761 789 1818 D.
807 1759 900 1820 Bouix
918 1760 991 1826 oo..
1011 1779 1042 1840 p.
1067 1761 1155 1840 tto),

189 1845 1153 1928 ucathedralisEcclesiaepresbyterietdiaconi,idestCaoonici,
1259 1904 1260 1907 ,

184 1961 199 1997 a
225 1938 345 2000 nonnisi
356 1937 393 1998 ad
407 1936 527 1996 titulum
538 1934 721 2016 Episcopalis
731 1935 910 1998 Ecclesiae...
926 1935 1153 2014 ordinabantur,

186 2048 200 2086 o
224 2034 254 2089 et
273 2034 375 2088 umen
394 2031 682 2106 nequaquamerant
695 2023 859 2106 parcebar
883 2031 917 2087 ut
936 2033 1085 2106 nunosst
1102 2025 1155 2087 do·

186 2113 426 2178 monstrandum.
443 2114 542 2194 Ergo,
558 2120 616 2176 eto.

185 2264 273 2324 9999.
299 2259 463 2342 propositio
480 2264 510 2322 3.
535 2293 570 2305 -
594 2259 719 2322 Parochi
742 2281 805 2325 non
826 2269 912 2325 erant
931 2265 1100 2330 sacerdotes
1117 2287 1155 2332 ex

225 2348 336 2432 quihus
349 2347 534 2411 coalescebat
546 2349 767 2433 presbyterium
781 2352 813 2414 ia
827 2354 959 2432 antiquis
972 2371 1155 2419 monumen·

225 2439 263 2501 tis
278 2439 361 2520 saepe
375 2447 588 2502 memoratum.

223 2560 300 2623 illud
315 2560 457 2642 probatur
470 2577 506 2621 ex
520 2577 557 2621 eo
575 2559 658 2642 qudd
672 2559 831 2642 antiquum
846 2561 1063 2644 presbyterium
1080 2563 1157 2626 nihil

184 2667 292 2712 eorum
306 2647 432 2712 iaciebat
445 2665 513 2730 quae
527 2647 565 2710 ad
578 2666 664 2712 veros
684 2649 830 2730 parochos
850 2651 1018 2732 pertinent;
1034 2651 1156 2733 parochi

186 2739 288 2814 enim,
304 2747 394 2821 prout
406 2737 484 2799 inlra
496 2737 633 2799 dicemus
652 2739 759 2814 (t3tt‘l,
777 2741 882 2817 1308),
897 2748 969 2802 sunt
982 2747 1011 2802 et
1024 2757 1090 2802 esse
1102 2739 1155 2803 ds·

65 2827 67 2834 ’
186 2828 259 2891 beot
280 2826 448 2890 sacerdotes
465 2825 576 2908 quibus
598 2825 740 2906 competit
755 2824 954 2890 determinato
972 2829 1085 2911 populo
1098 2830 1156 2892 dis-

187 2935 313 3000 pensare
336 2915 458 2998 proprio
481 2914 603 2977 nornine
624 2915 748 2976 terbum
772 2915 826 2977 Dei
848 2924 879 2978 et
900 2917 1040 2980 Ecclesia
1061 2937 1158 2982 sacra·

187 3016 306 3083 monta3
322 3009 411 3088 porrd
430 3005 540 3068 talibus
563 3021 625 3065 non
645 2997 801 3066 constabat
818 3011 903 3068 vetus
917 3007 1151 3087 presbyterium,

186 3095 239 3158 sed
259 3103 376 3157 tanturn
395 3091 575 3175 presbyteris
590 3099 620 3154 et
637 3092 772 3155 diaconis
794 3094 903 3174 quibus
917 3095 1055 3158 utebatur
1069 3097 1154 3178 Epis·

186 3201 282 3267 copus
301 3183 333 3245 in
352 3181 491 3244 diocesis
503 3180 667 3261 regimine,
682 3181 734 3263 qui
748 3181 829 3244 vices
851 3171 1152 3265 ipsiussupplebant,

188 3290 249 3336 non
262 3290 317 3354 pro
330 3275 403 3334 cura
414 3269 539 3348 alicujus
552 3267 608 3331 sibi
623 3271 793 3332 commissae
807 3271 910 3352 populi
927 3271 1087 3353 portionis,
1103 3273 1156 3338 scd

186 3364 309 3444 prototo
317 3357 626 3435 uniuersimdioecesi3
641 3376 729 3438 quos,
741 3359 832 3420 modo
847 3357 938 3436 hunc,
955 3359 1044 3424 modo
1059 3360 1155 3441 illum,

187 3468 242 3533 pro
255 3449 377 3511 arbitrio
390 3465 446 3512 suo
468 3455 499 3508 et
519 3447 678 3529 prudentia
708 3447 871 3528 deputabat
891 3449 1021 3510 Antistes
1038 3449 1076 3510 ad
1098 3451 1157 3514 tale

188 3545 239 3600 aut
261 3537 318 3600 tale
340 3537 497 3614 odicium3
522 3538 573 3619 qui
599 3554 656 3600 nec
680 3538 770 3598 etiarn
791 3537 938 3619 baptizare
960 3545 1013 3600 aut
1032 3539 1157 3602 missam

189 3625 338 3689 celebrare
351 3633 489 3707 poterant
508 3625 621 3712 absque
643 3624 759 3692 Proelati
779 3643 949 3694 consensu:
965 3625 996 3687 id
1015 3629 1156 3709 expresse
