2486 3984
438 246 524 292 anua
543 245 662 294 antuus.
992 237 1050 296 ron

103 363 195 426 taor.
208 359 416 424 communior
429 361 559 442 quidem
574 374 620 425 est
634 364 743 446 opinio
756 364 844 444 juxta
861 385 954 446 quam
981 368 1048 430 dia-

61 463 248 528 conussino
270 461 491 524 commissione
518 463 701 524 solemniter
729 463 904 546 baptizans,
931 468 995 528 imo
1018 472 1049 528 m

64 554 262 622 necesstiate,
276 553 321 612 vet
333 549 560 612 Eucharistiam
576 552 769 627 ministrans,
788 557 967 636 irregularis
982 576 1051 618 era-

62 644 121 724 dit,
135 660 239 723 quum
252 656 313 703 nou
326 640 364 703 sit
385 641 565 703 ordinarius
580 643 722 704 minister
741 642 856 704 horum
874 664 1051 707 sacramen-

63 731 217 794 torum.S
241 729 334 810 Ligd.
345 728 375 792 6.
386 750 418 792 n.
434 735 444 790 t
458 727 528 791 idat
539 730 607 791 ulti.
621 733 657 792 dt
668 739 845 794 contractet
858 735 940 814 quod
952 753 1051 814 quum

64 824 104 884 sit
115 819 331 883 ordinatusad
342 819 567 899 baptizandum
577 835 604 880 at
615 821 870 897 ministrandum,
883 843 944 885 uon
960 843 1052 885 usur-

65 923 118 993 pet
128 909 401 972 officiumordinis
411 927 474 969 uon
487 911 546 971 sui.
560 908 605 973 dt.
619 911 792 984 Grrnoaista
809 913 884 972 tarto
912 935 930 990 ρ
957 913 1028 974 532.

114 993 230 1050 Omnes
243 997 343 1049 tamen
358 990 550 1050 consentiunt
564 991 643 1068 quod
660 991 689 1050 in
707 992 880 1052 necessitate
894 999 1043 1075 extrema,

76 1077 199 1140 absente
222 1075 393 1153 sacerdote,
416 1077 561 1139 diaconus
580 1079 671 1158 possit
689 1087 718 1138 ot
740 1086 876 1142 teneatur
898 1082 1044 1147 Viatioum

76 1167 264 1237 ministrare,
286 1163 384 1227 adhuc
406 1165 472 1227 sind
493 1167 722 1243 oonnnissiono;
746 1167 871 1248 proinde
893 1175 965 1234 tunc
984 1191 1043 1235 non

75 1256 202 1316 incurrit
216 1253 461 1333 irregularitatem
476 1255 517 1326 (S.
536 1255 668 1335 inguen,
685 1255 739 1330 ib„
754 1259 979 1333 attii-Quoad
990 1281 1042 1324 cae·

73 1353 154 1406 tems
180 1343 306 1406 ciericos
333 1343 488 1406 interiores
512 1343 558 1405 vel
586 1345 687 1424 laicos,
716 1350 953 1411 controvertitur.
970 1350 1043 1415 Vide

73 1435 104 1494 S.
123 1435 259 1512 tignum,
276 1435 348 1494 itud.

113 1527 205 1584 rara.
234 1525 276 1582 tn
292 1522 370 1584 idom
394 1523 432 1584 sit
449 1521 611 1584 dicendum
634 1524 672 1586 de
685 1523 838 1588 sacerdote
852 1529 915 1608 qui,
931 1529 1044 1612 absquo

71 1611 206 1692 legitima
225 1611 412 1692 detegatinne
425 1614 442 1674 ir
453 1615 483 1674 S.
496 1613 572 1674 Sede
586 1613 723 1681 obtenta.
741 1617 854 1676 tenera
869 1625 992 1698 usurpat
1002 1620 1042 1681 fa-

71 1703 215 1764 cultatem
229 1701 355 1762 faciendi
366 1701 587 1763 benedictiones
601 1701 755 1784 Episcopis
765 1703 1043 1784 proprias‘t-Nihil

72 1791 174 1851 inveni
185 1790 266 1872 opud
276 1799 411 1852 auctores
421 1792 498 1852 circa
510 1791 588 1852 hanc
597 1793 805 1872 quaestionem.
819 1793 933 1854 Salutio
942 1803 1042 1858 autem

70 1879 157 1940 dubii
168 1879 301 1960 pendere
311 1879 426 1942 videtur
435 1883 452 1941 ir
463 1881 611 1942 solutione
621 1883 857 1961 quaestionisran
868 1884 1042 1947 exercitium

71 1967 247 2046 hujusmodi
258 1968 403 2030 facultatis
413 1969 450 2031 sit
463 1970 501 2030 de
511 1969 616 2032 ordine
627 1971 943 2052 Episcopaii‘i—Porro
958 1993 1041 2036 com-

72 2057 198 2118 munius
212 2059 274 2120 Di).
290 2057 462 2119 affirmativo
484 2060 594 2120 sentiro
606 2059 755 2122 videntur.
778 2061 852 2124 Vide
872 2081 921 2143 ap.
945 2064 976 2125 S.
993 2065 1040 2126 Li-

71 2164 183 2228 guor.,
199 2146 251 2208 tiu.
268 2149 307 2214 6,
325 2161 358 2206 n⁰
371 2151 445 2216 3¹18,
462 2145 530 2208 dub.
546 2153 582 2225 43
598 2151 737 2230 Lequoux
749 2199 756 2226 ‚
768 2150 808 2211 n¹⁸
829 2155 969 2214 518955.
986 2155 1040 2216 Ra·

70 2236 138 2294 rer'a
156 2251 218 2294 non
232 2241 276 2296 est
295 2235 469 2296 exercitium
492 2235 605 2299 ordinis
625 2256 661 2299 ex
679 2240 746 2316 juro
759 2239 875 2314 divino,
891 2241 994 2303 saitem
1009 2242 1039 2304 in

70 2323 235 2398 omnibus;
256 2323 308 2384 sed
326 2329 371 2384 est
389 2324 564 2386 exercitium
586 2343 624 2388 ex
643 2328 711 2405 J'ure
725 2329 942 2406 ecclesiastico,
958 2331 1038 2412 quod

69 2411 209 2474 suflicere
230 2411 346 2473 ridetur
366 2419 400 2472 ut
419 2412 586 2476 incurratur
605 2416 813 2497 irregularitas,
832 2427 865 2480 ut
879 2419 989 2500 patebit
1002 2439 1038 2484 ox

70 2517 202 2564 numero
214 2500 350 2582 sequenti
365 2503 475 2582 (1803).
492 2503 565 2565 Vide
574 2504 652 2568 dicta
666 2523 755 2588 supra
766 2510 874 2586 (tiro).

101 2679 189 2742 1803.
211 2679 254 2738 Ex
272 2685 381 2741 sancto
396 2678 545 2760 Lignorio
560 2677 642 2759 (Lib.
660 2677 691 2754 7,
716 2685 752 2740 n·
766 2677 849 2758 388),
867 2677 1049 2754 irregularis

57 2767 93 2830 fit
115 2769 252 2830 ctericus
273 2769 328 2845 oni
348 2775 502 2849 tanquam
525 2768 672 2829 sacerdos
688 2767 734 2830 rei
755 2767 909 2828 diaconus
924 2767 1048 2832 hebdo-

57 2855 223 2920 madarius
237 2855 345 2920 Officio
369 2857 479 2921 divino
494 2865 616 2940 praeast.
634 2855 713 2922 Vide
734 2857 894 2938 Laqueus,
917 2867 954 2920 n⁰
977 2856 1050 2934 tta,

55 2958 91 3012 το
105 2947 187 3012 Hinc
203 2946 397 3028 irrequiaris.

437 3123 601 3182 PUNCTUM
619 3122 666 3182 tv.

93 3263 135 3313 D!
154 3263 415 3312 mensurandam
435 3265 637 3312 enovanrsmtt
658 3263 698 3312 EX
718 3265 798 3314 tiata
818 3263 1015 3313 SUSCEPTIONF·

480 3353 626 3402 ORDiNUti.

98 3483 188 3548 tout.
210 3507 225 3542 ι
242 3482 290 3548 Ex
302 3483 417 3548 surtirt
430 3483 583 3548 ordinum
593 3481 796 3564 susceptione
805 3477 840 3543 dt
850 3477 1050 3562 irregularis:

58 3595 76 3636 ι
93 3575 191 3652 Puni
203 3575 352 3638 ordinem
362 3573 474 3656 recipit
483 3569 790 3655 sindapprobatiouo
801 3569 965 3650 Episcopi3
978 3585 1052 3629 nam

58 3665 118 3728 sia
131 3663 323 3748 prohibetur
338 3662 377 3727 ad
393 3663 494 3726 atium
510 3662 656 3725 ordinem
668 3659 860 3724 ascendero:
874 3673 912 3717 ex
923 3673 951 3715 o.
970 3653 999 3723 t,
1012 3654 1054 3713 Da

58 3771 122 3820 uo
133 3752 189 3837 qui
200 3751 333 3836 sonim,
351 3761 427 3831 oto.;
442 3751 476 3816 2⁰
491 3751 549 3832 qui
562 3748 633 3814 aiud
652 3743 891 3828 disponsatione
905 3734 1054 3820 Episcopi
