2522 4028
478 205 565 252 arnan
584 205 703 252 rnrnus.
1014 190 1073 254 139

144 303 232 363 1913.
255 297 381 372 Quando
408 305 508 362 autem
535 300 603 379 quis
629 297 739 382 duplex
759 297 946 363 domicilium
973 299 1072 381 habet,

101 388 216 470 duplex
238 396 283 450 est
306 387 441 468 ejusdem
468 389 632 470 Episcopus
658 388 813 452 domicilii.
838 389 993 472 Phillipps,
1018 390 1072 466 it..

101 497 134 559 p.
153 481 230 548 art:
247 479 278 540 S.
294 477 429 559 Lignor.,
444 475 495 538 lib.
507 481 538 553 6,
555 495 588 538 n⁰
600 479 669 539 773.

144 585 233 646 tart.
244 585 319 644 -30
328 585 367 646 Ut
380 581 448 663 quis
461 582 553 662 possit
566 581 698 643 ordinari
706 580 791 644 titulo
801 581 956 658 beneficii,
973 585 1073 665 requi-

102 673 179 733 ritur
194 677 227 733 ut
247 669 428 732 heneficium
442 679 510 730 actu
531 669 680 751 possideat
723 669 804 751 quod
819 670 853 732 dc
867 690 914 741 se,
936 671 1075 735 detractis

102 760 258 836 oneribus,
274 759 401 822 sufficiat
413 759 450 820 ad
464 777 630 840 congruam
644 758 737 839 ipsius
750 759 995 822 sustentationem
1010 761 1075 824 sine

103 849 317 932 supplemento
328 845 515 930 patrimonii:
527 853 557 908 et
570 847 758 928 hocquidem
770 848 856 927 juxto
868 855 967 910 laxam
982 869 1074 931 syno-

104 939 221 1014 dalem3
237 937 309 1013 sive,
325 939 362 998 et
372 935 541 1010 deficiente,
554 936 639 1014 juata
652 954 766 998 morem
782 937 913 1017 regionis
927 955 981 1019 pro
1005 957 1074 1020 pro-

106 1026 262 1090 movendis
274 1025 313 1088 ad
332 1043 433 1088 sacros
452 1023 583 1087 ordines.
607 1023 745 1106 (Constit.
760 1024 980 1108 Speculatores,
996 1027 1073 1108 53.)

147 1137 259 1199 Dicitur
269 1143 304 1198 ut
316 1131 497 1198 heneficium
510 1140 577 1194 actu
592 1133 753 1214 possideat;
771 1153 830 1196 non
840 1153 913 1216 ergo
926 1133 1075 1200 sufficeret

105 1225 188 1310 qudd
202 1224 402 1301 beneficium,
416 1223 506 1286 etiam
521 1222 635 1300 statim,
651 1231 728 1285 esset
743 1231 930 1305 accepturus.

146 1335 236 1396 1975.
251 1365 291 1377 -
307 1334 340 1391 ll·
358 1328 521 1390 clnitiatus
537 1331 661 1390 tonsuri
680 1327 726 1390 vel
741 1328 908 1392 minoribus
921 1332 938 1391 1
953 1333 1074 1413 proprio

103 1422 266 1504 Episcopo,
282 1437 344 1481 non
358 1425 454 1500 potest
467 1417 592 1480 ulterius
605 1415 735 1478 ordinari
748 1417 787 1480 ab
800 1417 869 1494 alio,
881 1419 967 1482 titulo
981 1419 1072 1483 bene-

104 1509 182 1584 licii,
202 1509 259 1571 nisi
277 1507 415 1570 exhibitis
430 1505 512 1588 prius
529 1505 631 1566 litteris
652 1506 900 1568 testimonialibus
913 1508 1078 1590 Episcopi.

103 1605 167 1662 lam
181 1597 307 1679 originis
320 1599 412 1677 quiam
426 1593 580 1670 domicilii,
596 1611 686 1675 super
700 1594 761 1656 suis
775 1593 932 1671 natalibus,
947 1603 1031 1658 astate
1045 1605 1073 1658 ct

104 1687 285 1749 moribus.»
311 1685 363 1768 (S.
381 1685 519 1763 lignos,
541 1682 592 1743 lib.
616 1685 645 1754 6,
671 1691 703 1743 n⁰
722 1685 800 1758 770,
823 1683 866 1758 ll;
889 1700 923 1744 er
948 1685 1070 1747 constit.

105 1776 327 1858 Speculatores,
341 1773 359 1854 ξ
372 1774 414 1852 3.)
429 1807 467 1818 -
482 1773 695 1833 Potesttamen
710 1771 872 1851 ipsummet
892 1769 1072 1836 beneficium

104 1865 241 1928 obtinere
250 1863 433 1926 sinelitteris
446 1859 627 1938 hujusmodi.
643 1859 719 1922 Vide
730 1859 845 1938 Bouix,
861 1859 904 1921 ne
915 1859 1067 1944 Episcopo,

103 1962 180 2018 tom.
196 1957 226 2030 2,
242 1971 273 2034 p.
290 1954 359 2028 153,
375 1968 460 2032 prop.
477 1951 506 2010 6.

144 2057 220 2117 ltem
240 2052 383 2114 ordinans
400 2049 484 2112 titulo
499 2049 704 2113 familiaritatis
722 2049 811 2112 debet
824 2051 943 2134 exigere
960 2053 1070 2118 litteras

104 2141 318 2206 testimoniales
335 2139 472 2221 Episcopi
493 2139 617 2220 originis
637 2145 667 2201 ct
685 2139 840 2202 domicilii.
865 2143 910 2222 (S.
933 2141 1067 2225 Liguor,

104 2232 158 2295 lib.
175 2237 212 2310 6,
228 2240 260 2293 n⁰
275 2233 343 2303 770,
364 2229 412 2302 Vl,
429 2247 465 2291 cx
478 2227 600 2309 praelatis
614 2227 760 2308 Const.,§
780 2229 823 2308 6.)

147 2340 234 2400 tato.
248 2367 287 2381 —·
301 2337 333 2394 5⁰
358 2331 546 2413 «Episcopus
560 2333 684 2413 ora'pim‘s
706 2333 766 2394 sive
779 2333 920 2396 domicilii
936 2343 1029 2418 potest
1052 2341 1067 2402 a

104 2447 122 2486 1
146 2431 209 2487 suis
222 2422 360 2494 subditis,
374 2421 463 2482 etiam
477 2439 547 2483 cum
569 2427 624 2482 sut
641 2419 809 2484 dimissoria
822 2423 859 2484 ab
869 2425 967 2487 alieno
984 2429 1064 2508 Epis

105 2537 122 2574 a
146 2531 223 2595 copo
239 2511 391 2586 ordinatis,
407 2517 507 2592 petere
518 2510 636 2572 utintra
645 2510 766 2590 aliquod
780 2517 899 2592 tempus
912 2514 1069 2577 cxlribeant

105 2623 123 2662 ι
146 2602 287 2666 ordinum
297 2606 504 2681 susceptorum
517 2599 740 2672 testimoniales,
757 2599 787 2659 in
802 2600 911 2680 quibus
925 2601 1066 2664 inseratur

105 2712 124 2754 ι
146 2691 299 2754 observata
316 2707 381 2751 esse
400 2707 468 2769 quae
483 2688 513 2748 in
533 2687 589 2748 htc
604 2687 688 2749 Bulla
705 2687 925 2768 (Speculatores)
941 2691 1069 2771 praeseri-
1101 2747 1103 2755 ,

104 2799 123 2844 ο
147 2779 276 2856 buntur;
291 2777 362 2840 sli'as
370 2783 466 2858 potest
477 2794 528 2838 eos
542 2775 724 2857 suspendere
737 2774 775 2850 ab
789 2777 928 2838 exercitio
941 2779 1068 2862 suscepti

104 2889 124 2935 1
146 2868 287 2932 ordinis.»
304 2869 336 2930 S.
351 2866 485 2946 Lignor.,
500 2863 585 2942 illd,
599 2866 658 2938 Vll,
670 2883 707 2926 cx
720 2863 825 2926 eidem
839 2865 933 2942 Balla,
947 2867 965 2948 ἓ
978 2872 1008 2929 7.

147 2969 288 3028 1971-
301 2967 332 3026 6⁰
355 2961 440 3033 aOui
462 2961 493 3022 in
513 2963 574 3022 unit
597 2959 715 3022 dioecesi
738 2967 784 3022 cst
801 2968 902 3038 natus,
926 2963 957 3025 in
978 2965 1069 3028 altera

111 3076 124 3108 n
146 3053 236 3115 hahet
248 3049 447 3124 domicilium,
462 3049 493 3110 in
515 3049 600 3111 tertia
615 3049 809 3126 beneficium,
827 3052 962 3131 liquoris
979 3055 1068 3116 trium

113 3167 127 3194 n
147 3143 265 3206 illorum
278 3141 492 3222 Episcopnrum
504 3145 597 3220 potest
611 3137 730 3201 ordines
743 3139 788 3199 vel
802 3139 982 3203 dimissorias
995 3143 1069 3204 acci-

106 3249 123 3290 ι»
147 3249 229 3312 pere.
254 3250 270 3288 a
298 3227 518 3302 llusembaum,
540 3245 588 3307 ap.
610 3229 641 3288 S.
662 3227 795 3308 ligans,
812 3228 861 3289 lib.
886 3234 916 3304 6,
941 3239 974 3291 n⁰
997 3235 1065 3294 771.

110 3341 126 3377 a
148 3315 317 3380 llummodd
327 3334 385 3376 nnn
395 3316 424 3376 in
434 3314 567 3376 l'raudem
583 3313 673 3392 frat»
693 3322 778 3395 prout
792 3316 898 3394 adjecit
910 3319 940 3379 S.
959 3319 1065 3398 llongr.

107 3409 212 3481 Cone,
231 3405 260 3467 in
271 3405 301 3466 F
302 3403 427 3472 uadond.
444 3409 480 3464 at
498 3403 570 3464 selu.
588 3407 664 3464 1666
680 3403 764 3480 (Vidn
777 3406 925 3481 Ferraris,
940 3418 969 3466 v⁰
981 3407 1065 3481 urdo,

108 3502 164 3556 art.
183 3497 214 3570 3,
237 3507 270 3554 n⁰
290 3497 417 3568 1161111
439 3492 493 3552 nisi
508 3491 652 3571 ascriptus
672 3491 758 3554 luerit
773 3493 922 3561 Ecclesiae.
940 3493 982 3554 rel
996 3495 1068 3555 olati-

110 3581 208 3646 nuerit
231 3579 410 3643 beneficium
422 3582 509 3660 cujus
522 3579 672 3644 servitium
692 3580 783 3660 exigit
794 3581 981 3663 personalem
995 3583 1064 3642 resi
