2522 4028
133 208 191 272 ³00
354 223 492 269 stanuum:
511 223 613 268 rorrus
632 223 714 268 aunis
736 221 883 267 cesanam.

133 321 166 383 3⁰
176 319 206 382 in
222 326 355 402 exempto
369 325 398 380 et
411 337 468 379 aon
482 324 617 398 ecernpto
627 333 640 391 ,·
657 320 690 378 4⁰
704 315 734 376 in
751 324 905 377 numerata
918 324 948 380 et
970 337 1032 381 non
1050 339 1106 381 nu·

133 415 267 471 merotz:
281 427 349 489 quac
363 406 569 469 distinctiones
582 423 638 468 suo
652 405 719 466 loco
733 404 974 486 explicabuntur.

171 501 260 560 2160.
283 496 452 578 collegiatae
466 503 568 556 autem
580 494 806 574 distinguuntur
821 494 851 554 in
866 495 993 576 insignes
1006 503 1037 558 et
1049 519 1107 560 non

133 587 268 668 insignes.
291 587 364 649 ture
381 584 527 647 canonico
552 601 611 644 non
633 583 797 663 explicatur
818 602 959 663 quaenam
981 587 1106 650 ecclesia

132 673 260 738 dicenda
278 675 316 736 sit
336 673 487 755 insignis:
505 671 570 733 talis
583 677 714 733 attamen
729 671 831 734 baberi
852 671 942 735 debet
959 692 1029 755 quae
1052 676 1106 738 hac

133 764 273 847 qualitate
296 765 315 826 a
336 765 418 844 Papa
437 761 607 835 decoratur,
622 761 668 822 rel
689 761 755 822 talis
774 759 902 823 habetur
920 763 1056 826 extama
1077 773 1107 827 et

132 853 289 916 communi
304 852 399 934 plebis
419 849 694 926 aestimatione,ch
715 869 783 931 quae
794 857 840 912 est
854 851 885 912 in
900 850 966 914 loco
981 871 1042 914 non
1057 873 1107 936 pa-

133 944 202 1005 rltm
214 943 389 1023 conspicuo.

174 1034 264 1094 alut.
286 1063 322 1078 -
345 1031 379 1092 ln
403 1029 567 1112 collegiatis
586 1027 775 1108 insignibus,
804 1029 914 1091 Primae
943 1031 1107 1111 Dignitatas

136 1121 252 1182 tantum
279 1119 458 1182 Doctoribns
481 1126 533 1181 aut
552 1117 723 1179 licentiatis
746 1116 778 1177 in
797 1115 947 1198 theologia
965 1127 1017 1180 aut
1039 1123 1105 1198 jure

134 1209 281 1271 canonico
295 1208 422 1270 conferri
432 1208 544 1270 debent
557 1205 680 1285 (Concil.
691 1205 840 1284 Trident,
855 1225 918 1268 sess
941 1211 989 1282 at,
1005 1228 1033 1270 c.
1050 1212 1103 1288 tr,

133 1297 170 1360 ala
184 1298 330 1378 reform).
342 1299 385 1360 lta
399 1299 489 1360 etiarn
503 1296 640 1359 decisum
650 1297 666 1357 'a
676 1297 753 1356 Rota
766 1294 856 1357 relert
868 1295 1108 1378 Scarsanlonius¹

135 1386 216 1469 apud
231 1389 268 1450 D.
286 1387 379 1449 Bouix
397 1387 451 1467 (Dc
466 1387 579 1468 Cupit,
595 1403 626 1467 p.
642 1388 704 1462 56).

175 1477 249 1538 item
267 1476 408 1558 obligatio
427 1475 465 1538 ad
483 1474 693 1558 quotidianum
715 1473 746 1535 in
766 1473 859 1536 choro
876 1474 1024 1552 officium,
1046 1495 1107 1539 nori

136 1565 270 1648 rigorose
288 1566 426 1647 astringit
448 1565 504 1628 nisi
523 1563 656 1646 Capitula
679 1561 863 1625 Cathedralia
886 1573 916 1626 et
933 1565 1108 1645 collegiatus

136 1655 274 1736 insignes.
295 1655 462 1736 Collegiatae
477 1661 578 1716 autern
597 1671 658 1714 non
677 1651 810 1734 insignes
832 1651 869 1714 ad
887 1653 961 1716 illud
984 1653 1107 1735 quidem

136 1745 227 1807 etiam
241 1749 398 1820 tenentur,
418 1742 518 1805 sedin
538 1741 647 1823 triplici
666 1759 738 1804 casu
755 1743 929 1804 eximuntur
953 1761 961 1804 ε
985 1761 1106 1824 nempe,

138 1837 169 1896 {⁰
183 1834 207 1894 si
229 1833 354 1896 ecclesia
373 1832 410 1894 sit
428 1831 533 1893 ruralis
540 1851 548 1908 ;
571 1835 602 1892 2⁰
621 1830 644 1891 si
664 1829 730 1892 talis
746 1831 843 1912 vigeat
862 1832 1109 1894 immemorabilis

138 1921 345 1996 consuetud03
362 1924 394 1982 3ο
408 1920 433 1982 si
447 1918 580 1982 redditus
598 1919 658 1981 sint
675 1917 760 1981 valde
773 1920 1009 1984 tenues-Vide
1028 1923 1107 2002 apud

136 2011 173 2072 b.
192 2010 303 2087 Bonix,
319 2009 363 2070 ne
378 2007 541 2090 Capitulis,
556 2028 587 2090 p.
604 2012 654 2070 57.

177 2098 326 2160 Cscterbm
344 2097 479 2160 ccclesiae
494 2097 680 2178 Collegium,
699 2097 789 2160 etiam
810 2116 871 2159 non
890 2098 1043 2180 insignes,
1062 2119 1108 2164 se

136 2186 238 2250 cundo
260 2187 327 2250 loeo
349 2185 472 2248 veniunt
491 2193 558 2267 post
586 2186 793 2265 cathedrales,
813 2193 844 2249 et
864 2187 1017 2268 digniores
1037 2199 1105 2252 sunt

136 2275 270 2357 qualibet
288 2275 416 2357 simplici
439 2275 567 2338 ecclesia
582 2274 764 2358 parochiali,
785 2275 912 2356 proinde
931 2294 986 2357 per
1008 2278 1105 2359 ipsum

136 2363 319 2446 Episcopum
341 2363 494 2426 visitandae
512 2371 583 2426 sunt
604 2371 670 2444 post
687 2363 908 2440 Calbcdralcm,
927 2365 1001 2426 dum
1020 2385 1099 2448 paro·

137 2451 249 2515 chialcs
262 2453 370 2515 visitari
385 2460 512 2535 possunt
524 2453 615 2514 etiam
628 2470 681 2533 pcr
691 2453 764 2514 alios
777 2453 924 2536 Episcopo
940 2455 1104 2520 inferiores.

137 2541 214 2605 Vide
228 2542 307 2624 apud
322 2544 358 2604 l).
375 2541 483 2620 Bouix,
499 2541 552 2619 it,
567 2561 597 2623 p.
615 2545 663 2603 55.

576 2713 594 2793 ξ
613 2713 662 2774 lll.

262 2843 341 2921 ostiu
359 2845 399 2906 ait
420 2841 593 2926 Capitulum
613 2842 710 2924 quood
728 2853 820 2925 ipatus
841 2845 981 2908 membra.

177 2999 267 3060 aloa.
288 2993 457 3058 Dicendum
481 2993 531 3054 blc
553 2993 591 3054 de
609 2991 702 3074 ipsius
721 2992 819 3074 Capite
830 3013 838 3070 ;
858 2994 896 3055 de
914 2994 950 3056 iis
968 2997 1105 3076 quivere

139 3081 198 3148 dici
211 3089 338 3168 possunt
350 3081 388 3144 de
402 3081 495 3163 ipsius
509 3082 640 3163 gremio;
650 3082 688 3143 de
702 3081 796 3162 ipsius
810 3082 1023 3163 Dignitatibus,
1039 3087 1107 3146 Per·

140 3173 295 3236 conatibus
312 3177 364 3233 aut
377 3169 442 3231 aliis
456 3171 549 3250 ipsius
567 3169 692 3244 Officiis;
711 3169 831 3232 tandem
847 3172 885 3232 de
900 3173 950 3244 iis,
972 3172 1023 3252 qui
1045 3192 1105 3235 non

142 3267 212 3326 sunt
223 3259 346 3342 quidem
360 3259 480 3340 proprie
493 3258 531 3321 de
546 3259 638 3340 ipsius
652 3261 782 3339 gremio,
797 3258 850 3321 sed
863 3260 901 3320 ad
918 3260 990 3322 illud
1004 3269 1106 3326 barton

141 3347 344 3428 aliquomodo
358 3347 517 3428 pertinent.
