2534 3996
493 251 576 298 tttttztt
600 249 713 296 ratuttS.
1028 233 1086 297 ω]

114 381 129 420 o
154 358 374 422 monasterium
384 359 415 422 in
430 357 620 438 sterquilinio
635 355 856 418 strbtorretur...
868 351 955 419 Unde
964 354 988 415 si
999 353 1084 434 quic-

111 469 128 507 o
153 469 246 530 quam
259 452 347 513 alicui
359 451 442 511 luerit
456 446 830 528 specialitardestinatum
845 461 906 504 non
923 451 1084 521 praesumat

111 559 128 595 o
155 539 226 601 iilud
250 543 399 619 accipere,
415 537 467 600 sed
485 537 588 598 Atinati
606 536 650 594 rel
669 531 773 602 Priori,
793 531 839 592 vel
863 532 986 594 cellario
1011 533 1084 594 assi-

111 651 127 684 u
154 637 262 705 goetur
290 650 304 686 r
324 628 396 687 Vide
410 627 500 688 etiam
511 625 626 686 Concil.
643 622 777 684 Trideot.
791 619 877 702 (sess.
894 624 943 691 25,
966 637 1031 699 cap.
1051 623 1081 694 ἓ,

115 713 161 776 De
179 715 332 796 deputor.)
355 723 384 778 et
403 715 525 774 Constit.
543 715 689 773 clement.
714 711 775 770 Viti
801 708 927 772 Nullius
939 711 1081 787 cruciati,

115 807 155 866 20
171 813 258 868 mart.
282 809 370 872 tatii.
391 806 551 866 Decretum
568 801 681 864 Concil.
704 801 914 881 explicantem.
936 797 1082 875 Carriire,

116 893 162 956 De
174 895 264 970 lusa,
280 907 312 954 n⁰
329 897 398 956 lid.

155 987 243 1046 itta.
267 983 434 1045 Dicendum
453 985 487 1045 2⁰
501 981 568 1043 Voti
583 979 767 1062 paupertatis
783 978 1004 1041 solemnitatem
1019 998 1081 1044 non

114 1075 278 1137 consistere
290 1077 320 1134 in
329 1072 432 1156 alique
441 1070 664 1146 benedictione,
674 1086 729 1131 seu
736 1067 973 1143 consecratione,
986 1068 1083 1133 eliore

115 1169 322 1298 mdltdrasctdd'l·
344 1234 418 1307 Ouia
444 1253 499 1316 per
528 1234 746 1316 professionem
772 1235 863 1298 etiam
884 1236 1005 1300 tacitam
1028 1237 1082 1301 ali·

110 1325 233 1406 quando
244 1323 415 1402 hujusmodi
429 1332 530 1385 votum
540 1326 699 1401 emittitur;
714 1325 745 1386 2⁰
760 1324 789 1386 in
804 1325 985 1406 quibusdam
1004 1325 1083 1388 ileli-

111 1413 252 1494 gionilrus
277 1413 326 1476 ulti
349 1419 416 1475 vota
434 1421 504 1474 sunt
525 1413 688 1488 solemnia,
707 1413 808 1475 nullus
831 1414 988 1476 arlhiltetur
1011 1415 1085 1477 ritus

113 1521 214 1577 sacer;
229 1507 260 1564 3⁰
275 1501 299 1564 si
314 1503 440 1580 alicujus
450 1501 580 1576 Ordinis,
592 1502 642 1564 nbi
653 1510 720 1564 vota
729 1502 903 1574 solemniter
913 1503 1002 1563 etiam
1013 1521 1083 1564 cnm

114 1589 172 1650 ritu
194 1609 277 1652 sacro
305 1594 504 1665 emittuntur,
530 1591 663 1652 Ecclesia
691 1589 868 1652 decerneret
911 1589 1083 1669 hujusmodi

114 1688 180 1741 vota
191 1697 219 1740 ro
232 1689 383 1760 posterum
395 1697 454 1740 noo
472 1678 533 1741 lore
543 1678 681 1742 habenda
693 1679 895 1756 utsolemoia‚
906 1681 1085 1760 proutcerte

114 1775 229 1850 polest,
246 1787 335 1829 nemo
358 1777 401 1830 est
425 1769 476 1848 qui
500 1775 588 1849 neget
607 1768 655 1829 itta
669 1787 706 1829 ex
724 1776 797 1829 tunc
821 1772 923 1828 revera
938 1786 1002 1830 esse
1018 1769 1087 1829 sim·

114 1857 214 1935 plicia,
229 1859 282 1918 etsi
299 1857 377 1919 idem
393 1858 465 1918 ritus
479 1876 514 1919 ac
527 1863 616 1918 antea
629 1857 803 1918 observetur
817 1855 847 1916 in
864 1855 983 1918 illorum
1000 1857 1088 1918 emis·

114 1946 209 2008 sione.
227 1947 306 2026 Ergo
319 1965 356 2007 ex
370 1947 430 2008 ritu
453 1964 513 2008 non
532 1944 642 2028 pendet
655 1952 794 2008 votorum
807 1945 991 2008 solemnitas.
1013 1945 1087 2009 Vide

116 2035 223 2108 Boutx,
239 2035 282 2096 lle
297 2035 414 2115 nepot,
431 2043 505 2096 tom.
523 2039 551 2104 t.
568 2053 599 2116 p.
617 2037 686 2097 toa.

155 2127 245 2186 litii).
263 2123 428 2186 Dicendum
445 2125 477 2185 3ο
492 2123 719 2186 solemnitatem
740 2122 799 2186 voti
819 2125 1004 2207 paupertatis
1025 2144 1086 2188 non

116 2214 279 2276 consistere
296 2213 326 2274 in
341 2213 499 2274 traditione
519 2218 564 2274 sul
579 2231 615 2274 ac
628 2231 753 2275 suorum
769 2213 918 2276 bonorum
932 2223 962 2276 et
971 2215 1086 2294 jurium

117 2303 180 2364 Deo
194 2311 223 2364 et
237 2302 376 2383 religioso
390 2301 493 2363 Ordini
509 2302 585 2364 facta
599 2310 629 2363 et
644 2303 767 2364 nomine
780 2302 830 2364 Dei
845 2308 1007 2385 acceptata.

158 2391 276 2453 Protrat.
294 2396 325 2454 Ρ
341 2393 383 2452 Ex
397 2399 465 2452 voto
476 2393 595 2453 Petrum
611 2390 823 2470 CoadJ'utorum
838 2393 859 2452 F
861 2401 1047 2455 cunctorum
1057 2393 1088 2454 in

119 2481 265 2542 Societate
278 2482 349 2543 lesu
363 2500 371 2541 :
385 2499 438 2561 per
452 2498 537 2542 suam
547 2482 629 2541 enim
641 2480 856 2561 professionem
872 2481 911 2542 ita
925 2499 957 2565 se
970 2482 1091 2544 tradunt

120 2569 264 2650 Religioni
281 2568 392 2650 praelati
404 2569 532 2649 religiosi
542 2577 686 2630 uteorum
700 2575 803 2630 votum
818 2568 1092 2650 inducetincapaci·

117 2658 457 2740 laleordontinii,aqnlr
481 2677 542 2720 non
557 2659 731 2720 eximuntur
753 2657 810 2719 nisi
824 2657 938 2719 dimissi
963 2657 1090 2736 luerint,

119 2756 209 2830 prout
223 2758 358 2828 possunt,
368 2751 385 2810 a
395 2749 558 2810 societate:
569 2747 651 2828 atqui
663 2755 762 2807 tamen
771 2746 913 2808 omnibus
923 2747 968 2808 his
977 2754 1094 2808 exstan-

120 2838 216 2910 tibus,
232 2855 337 2898 eorum
361 2846 427 2899 vota
449 2855 511 2898 non
539 2843 610 2898 sunt
637 2835 796 2899 solemnia.
820 2837 901 2917 Ergo
921 2837 1093 2900 solemnitas

121 2936 259 2988 votorum
275 2945 335 2987 nen
350 2926 485 2988 consistit
498 2926 529 2987 in
543 2924 713 3000 traditione,
729 2931 786 2988 etc.
808 2927 899 3006 Erga,
914 2933 972 2989 etc.

163 3019 252 3079 atat.
269 3050 307 3062 -
321 3019 352 3078 2·
367 3015 514 3078 itatiooe:
538 3014 713 3077 solemnitas
726 3013 784 3076 voti
801 3015 998 3098 paupertatis,
1010 3017 1093 3096 Juxta

122 3103 311 3186 disciplinam
326 3106 466 3167 Ecclesia
478 3103 659 3184 jamdudum
673 3111 846 3187 receptam,
862 3105 977 3166 inducit
991 3124 1093 3167 neces-

123 3195 202 3255 sario
226 3201 398 3274 perpetuam
419 3193 545 3254 dominii
573 3193 818 3275 incapacitatem
844 3193 868 3255 si
888 3211 961 3275 ergo
978 3193 1095 3256 traditio

124 3287 170 3344 sui
185 3301 220 3344 ac
232 3301 356 3344 sucrum
372 3283 562 3344 bonorumet
574 3283 700 3360 jurium,
715 3290 787 3357 etc,
803 3291 932 3364 nequeat
953 3282 1096 3344 inducere

124 3371 207 3432 illam
223 3372 468 3452 incapacitatem,
481 3371 723 3434 concludendum
738 3372 794 3434 erit
805 3373 835 3432 in
849 3371 1020 3451 hujusmodi
1036 3378 1095 3434 tra·

124 3459 239 3523 ditione
253 3467 281 3521 et
295 3461 496 3541 acceptatione
508 3478 569 3522 non
579 3479 644 3523 esse
658 3459 862 3542 reponendam
876 3461 1096 3524 solemnitatem

125 3549 186 3609 soti
201 3551 382 3630 paupertatis
395 3550 541 3630 religiosae
556 3568 564 3610 ε
579 3551 661 3630 atqui
683 3553 787 3612 revera
803 3549 921 3611 traditio
936 3550 1055 3630 praeiata
1068 3557 1098 3611 et

129 3638 209 3700 atius
222 3638 386 3718 acceptatio
405 3644 560 3716 nequeunt
580 3636 787 3698 omnimodam
808 3642 838 3698 et
855 3645 1030 3716 perpetuam
1050 3637 1097 3696 in·
