2522 3992
191 252 250 314 lll
418 269 555 318 umnam
575 271 674 318 nonus
694 271 777 318 soors
797 269 946 316 cavomor.

231 375 321 436 aotl.
347 374 453 436 Annus
481 373 645 437 Novitialds
666 374 830 437 continuus
852 390 919 434 esse
942 369 1050 432 debet:
1075 370 1161 448 alils,
1235 397 1236 422 n

191 462 272 542 iolla
299 463 580 526 communissimam
610 463 805 540 sententiam,
835 459 981 543 professio
1015 459 1097 520 nulla
1122 465 1165 521 est

192 548 347 630 titillant,
363 551 432 632 aa).
452 551 483 613 Si
505 552 574 633 quis
593 571 667 634 ergo
688 551 835 627 novitius,
864 548 988 610 dimisso
1008 546 1126 622 habitu,
1149 551 1165 608 d

190 645 339 702 conventu
353 647 438 702 exeat
452 659 522 703 oum
536 641 639 702 animo
653 641 842 721 Religionem
857 636 1015 700 deserendi
1029 684 1038 713 ,
1053 636 1114 698 sive
1127 636 1166 698 la·
1236 685 1237 694 ,

192 727 249 790 ciat
262 730 383 810 propritl
396 729 568 805 voluntate,
584 730 645 791 sive
660 731 743 809 juste
756 728 918 805 dimissus,
938 726 1165 806 interrumpitur

193 813 364 894 Novitialus‚
378 817 453 880 adeo
468 825 500 880 ut
513 823 651 880 teneatur
664 815 965 898 denudprolralionis
984 831 1099 876 annum
1118 813 1163 874 in-

192 905 311 982 choare,
327 907 380 967 etsi
395 908 513 968 tontum
523 913 590 987 post
606 925 702 970 unum
713 906 758 968 vel
773 906 900 968 alterum
914 904 1007 978 diem,
1024 903 1086 963 imd
1102 909 1165 983 post
1237 933 1238 944 κ

193 994 309 1075 aliquas
331 993 475 1056 duntaxat
500 993 610 1074 horas,
639 1002 691 1058 aut
704 995 829 1057 unicum
857 1001 1066 1069 momentum,
1082 993 1166 1070 juxta

196 1084 290 1144 Bouix
308 1087 392 1159 (lom.
411 1087 426 1144 l
441 1129 449 1158 ,
464 1103 495 1166 p.
512 1086 600 1164 577),
621 1086 751 1148 novitius
772 1081 960 1164 regrediatur
976 1081 1015 1142 od
1028 1097 1165 1142 eonven-

191 1178 258 1234 lum
282 1178 313 1232 et
339 1172 377 1233 alr
400 1172 466 1253 ipso
487 1171 706 1236 reodmittatur.
731 1176 775 1235 lla
797 1171 958 1235 declaravit
978 1171 1009 1232 S.
1040 1171 1164 1249 Congu,
1238 1209 1239 1226 v

190 1277 272 1428 gnssno
276 1263 376 1414 dl'tll}⁴
386 1260 461 1323 Vide
471 1263 506 1324 P.
523 1263 689 1340 Gautrelet,
701 1261 790 1340 idid,
805 1282 835 1343 p.
852 1266 909 1336 743
927 1259 1062 1336 Billuart,
1079 1257 1165 1336 idid,

252 1397 260 1424 ,
298 1371 339 1412 reo
372 1373 395 1414 ο.

231 1443 319 1502 2652.
344 1443 409 1504 Non
424 1442 665 1506 disoonlinualur
682 1447 784 1503 tannen
798 1441 963 1503 Novitiatus
982 1458 1036 1521 per
1053 1439 1165 1502 exitum
1239 1507 1240 1520 χ

191 1529 298 1591 Novitii
322 1550 392 1593 cum
418 1533 587 1614 Superioris
610 1531 742 1608 licentio,
763 1531 851 1592 etiem
876 1531 992 1607 illieilt,
1008 1529 1062 1590 etsi
1079 1529 1167 1590 duret

191 1637 244 1700 per
258 1638 310 1681 sex
321 1637 452 1684 menses.
468 1621 544 1683 Vide
559 1620 684 1682 Billuart
697 1627 727 1680 et
741 1619 836 1681 Bouix
852 1620 935 1696 (loeis
946 1617 1165 1694 nroddeitatist.

231 1712 321 1771 2653.
344 1712 418 1772 ltem
444 1729 504 1773 non
529 1710 768 1773 diseonlinuatur
782 1727 835 1790 per
856 1708 997 1768 morbum
1019 1715 1069 1770 aut
1086 1708 1166 1768 intir-

191 1799 345 1876 mitatem,
369 1800 423 1862 etsi
446 1817 499 1880 per
521 1798 627 1860 decem
642 1815 762 1858 menses
783 1797 934 1858 duraverit
948 1796 1076 1873 (Bonis,
1102 1796 1165 1872 iu),

191 1886 247 1948 nisi
276 1895 354 1948 esset
374 1889 503 1950 amentia
524 1887 721 1969 proveniens,
751 1903 812 1947 non
835 1904 872 1948 ex
895 1885 1033 1947 violentia
1056 1884 1165 1964 febris,

191 1975 242 2038 sed
257 1995 292 2038 ex
307 1980 398 2038 causd
412 1977 551 2058 propria,
575 1976 681 2038 saltem
701 1993 756 2056 per
777 1991 914 2036 mensem
939 1973 1069 2036 durans:
1096 1993 1167 2038 casu

191 2063 248 2126 hoo
266 2067 423 2144 amentias,
447 2083 509 2127 non
529 2063 770 2126 discontinuatur
781 2065 904 2146 praeoisd
921 2064 1098 2136 NovitialuS,
1115 2065 1168 2127 sed

191 2154 406 2255 suspenditur,
432 2160 462 2216 et
488 2153 621 2236 suppleri
642 2153 731 2216 debet
756 2160 876 2236 tempus
907 2169 969 2234 quo
996 2152 1168 2234 perduravit

191 2250 407 2396 affigo-Im&
430 2353 492 2396 non
514 2333 754 2396 disoontinuatur
767 2333 931 2396 Novitiatus
953 2350 1008 2414 per
1034 2332 1165 2410 exilum,

191 2421 280 2483 eliam
291 2422 331 2484 ob
342 2423 455 2486 malum
471 2423 565 2486 linem
579 2430 608 2484 et
621 2423 686 2484 sine
701 2423 898 2504 Superiorum
913 2421 1046 2492 licentio,
1062 2421 1087 2483 si
1103 2441 1166 2484 non

191 2511 361 2594 egrediatur
383 2515 517 2576 Novitius
534 2532 570 2575 ex
589 2513 692 2574 animo
715 2511 901 2592 Religionem
922 2511 1166 2592 derelinquendi.

195 2601 355 2681 (Biduum,
372 2603 426 2682 ib.)

231 2695 320 2755 2655.
346 2692 490 2757 absoluto
506 2697 607 2756 autem
626 2709 707 2754 anno
730 2690 894 2753 Novitiotds
915 2689 1051 2770 integro,
1068 2691 1092 2752 si
1108 2709 1167 2754 no-

191 2781 278 2843 vitius
292 2784 467 2844 econventu
476 2781 656 2862 egrediatur,
666 2780 803 2861 quamvis
811 2781 876 2841 sine
886 2777 988 2840 animo
997 2777 1164 2860 redeundi,

191 2871 256 2932 sind
271 2871 314 2932 vel
329 2890 399 2934 oum
415 2872 533 2933 lieentia
548 2869 765 2952 Superiorum,
786 2885 848 2928 non
872 2867 981 2929 iterum
1000 2868 1166 2930 Novitiatus

192 2966 236 3022 est
251 2959 438 3022 inolroandus
463 2979 534 3022 casu
555 2978 617 3040 quo
636 2959 744 3020 ilerum
768 2957 897 3032 rediret,
923 2956 979 3016 nisi
1001 2957 1166 3038 Religionis

192 3055 243 3110 aut
256 3049 361 3110 Novilii
377 3048 508 3109 conditio
522 3049 561 3108 sit
574 3049 612 3109 ita
627 3053 740 3109 mutata
763 3053 798 3107 ut
823 3063 944 3108 rursum
963 3047 1165 3108 necessarium

192 3141 229 3200 sil
250 3137 489 3218 experimentum
515 3137 672 3198 annuale:
695 3135 737 3197 sio
764 3133 924 3196 declaravit
950 3135 981 3196 S.
1014 3135 1161 3215 congreg.

192 3228 296 3302 Ceno,
312 3230 349 3288 27
365 3224 439 3286 febr.
458 3230 532 3288 1597
548 3233 578 3286 et
600 3229 638 3287 12
661 3223 738 3287 sehr.
755 3227 842 3287 1598.
860 3223 1021 3302 (Billuart.,
1038 3223 1161 3294 ibidem.

192 3315 209 3396 ἓ
230 3401 467 3464 Transeuntibus
480 3402 517 3464 ab
532 3417 592 3464 una
607 3407 645 3463 ad
659 3401 749 3464 aliam
762 3401 962 3482 Religionem,
973 3408 1108 3464 novuset
1122 3403 1166 3462 in·

193 3499 274 3568 teger
285 3489 467 3568 probationis
477 3509 575 3552 annus
589 3499 632 3552 esl
644 3493 840 3568 necessarius,
853 3491 908 3552 nisi
924 3489 1009 3552 lieret
1022 3492 1166 3552 transitus

192 3576 230 3636 ad
251 3575 331 3636 aliud
350 3579 484 3656 ejusdem
513 3577 633 3640 Ordinis
657 3579 890 3656 monasterium,
919 3577 1001 3660 quod
1020 3577 1164 3641 eumdem

195 3663 369 3726 Generulem
384 3665 515 3730 haberet.
533 3667 692 3748 (ltilluart,
707 3667 761 3740 ile
777 3667 947 3746 Gautrelet,
963 3686 993 3749 p.
1010 3667 1080 3740 75.)
