2486 3984
421 257 507 304 ιιιιιιι
528 256 645 303 ramus.
962 245 1019 306 roa

87 357 143 422 Atii
153 375 225 422 oum
242 355 424 420 bellarmino
438 361 543 420 tenent
555 355 781 438 Presbyteretus
790 353 940 436 duplicem
955 373 1021 420 esse

52 451 201 510 materiam
217 447 423 520 essentialem,
440 446 628 508 traditionem
651 445 786 508 videlicet
807 447 1021 508 instrumento-

53 555 132 610 rum,
148 541 209 619 qut
223 537 351 600 traditur
365 541 494 618 potestas
508 554 598 617 super
611 537 726 616 Corpus
737 535 844 596 Christi
859 534 937 596 reate
951 553 1021 597 eum

56 625 160 688 iormd:
178 627 287 710 Accipe
298 634 491 708 pometum,
508 633 564 687 eto.
586 632 616 686 et
634 624 858 705 impositionem
874 642 1022 686 manuum

56 719 109 794 qua
121 716 245 779 traditur
265 722 396 798 potestas
413 733 504 797 super
523 716 637 796 Corpus
651 713 758 776 Christi
773 715 935 794 mysticum
950 730 1022 776 cum

58 802 163 866 iormt:
178 805 289 888 Accipe
302 803 452 886 Spiritum
476 801 632 877 Sanctum,
652 822 776 885 quorum
790 802 939 864 remiseris
955 821 1023 884 pee-

61 902 134 962 cata,
149 901 215 970 ster,
225 900 257 957 et
269 893 401 976 probant
413 899 480 954 tum
490 911 527 954 ex
541 895 666 955 Decreta
676 891 714 954 ad
729 895 894 964 Armenos,
909 897 975 954 tum
986 907 1023 952 ex

65 981 149 1042 tetib.
165 983 314 1065 Apostoi„
330 1001 397 1064 cap.
418 984 472 1060 13,
489 999 518 1044 v.
540 983 577 1059 ³3
601 987 667 1044 tum
685 999 723 1042 ex
741 981 856 1044 Concii.
873 979 1021 1058 Trident,

62 1085 127 1132 sess.
144 1075 279 1148 t3‚cau.
295 1075 326 1134 t.

98 1159 149 1220 Atii
165 1161 289 1223 tandem
303 1159 409 1223 dieunt
420 1159 496 1222 tradi
514 1163 659 1223 sacerdoti
674 1165 833 1241 utramque
846 1163 1022 1242 potestatem

62 1247 235 1311 sacrificandi
261 1253 293 1313 et
310 1249 481 1312 absolvendi
506 1267 561 1331 per
578 1249 673 1312 soiam
696 1249 860 1313 secundam
876 1267 1022 1312 mannum

62 1337 287 1418 impositionem.
298 1340 337 1400 Et
350 1339 478 1420 probant
489 1341 519 1400 t⁰
534 1340 577 1400 Ex
592 1339 704 1403 Concii.
718 1339 852 1402 Trident.
869 1339 951 1418 (sess.
966 1343 1018 1415 m,

61 1441 118 1506 cap.
133 1428 177 1506 3),
192 1429 244 1490 ubi
261 1427 461 1510 diciturqudd
475 1427 603 1490 ministri
618 1428 939 1491 Extremae-[inmissis
953 1431 1024 1489 sunt

65 1534 78 1574 ι
95 1523 141 1577 eut
156 1517 298 1599 Episcopi
311 1523 362 1579 aut
374 1516 548 1579 Sacerdotes
561 1517 599 1578 ab
613 1516 685 1599 ipsis
697 1519 753 1580 rite
763 1516 890 1578 ordinati
901 1536 957 1597 per
971 1517 1024 1576 im·

60 1623 73 1660 ι
93 1606 260 1684 positionem
271 1625 408 1667 monum
413 1605 499 1688 presb
500 1606 606 1687 Jtem'i
616 1627 631 1665 r>
646 1607 737 1668 i‘orrb
747 1606 844 1688 prima
853 1613 882 1667 et
893 1604 1024 1667 secunda

61 1695 169 1755 tantum
182 1693 390 1777 impositiones
402 1713 549 1757 manuum
559 1695 597 1756 ab
606 1695 755 1776 Episcopo
769 1691 847 1756 tiunt
858 1712 930 1756 oum
945 1711 1025 1776 pres·

62 1779 163 1884 byteris
175 1783 394 1860 assistentibus,
410 1803 446 1846 ao
466 1783 591 1865 proinde
604 1785 676 1846 solae
691 1784 750 1846 dici
764 1783 885 1866 proprie
899 1789 1024 1864 possunt

63 1869 169 1952 i'tmpose
170 1875 246 1936 iones
264 1893 401 1935 manuum
427 1871 522 1954 presb
512 1873 625 1954 Jteree
647 1873 730 1936 sed
724 1892 755 1935 m
776 1873 873 1954 prima
895 1873 968 1934 nihii
987 1872 1024 1933 ab

63 1960 199 2042 Episcopo
221 1962 356 2038 dicitur3
381 1967 517 2043 superest
539 1980 611 2043 ergo
631 1969 665 2026 ut
687 1962 819 2025 secunda
843 1962 880 2023 sit
900 1961 1023 2023 materia

63 2049 284 2130 presbyteratus,
302 2057 332 2113 et
346 2050 441 2113 forma
454 2051 548 2112 oratio
559 2051 850 2133 correspondensb⁰
867 2052 959 2112 Graeci
971 2069 1024 2132 per

62 2135 146 2198 solum
158 2157 304 2202 manuum
320 2140 540 2222 impositionem
555 2139 743 2215 ordinantur,
759 2145 902 2202 ettamen
917 2157 1022 2202 eorum

63 2227 220 2290 sacerdotes
234 2233 296 2291 reri
312 2229 481 2291 sacerdotes
495 2228 657 2306 habentur;
673 2235 786 2311 ergoet
799 2227 861 2290 sola
875 2229 1023 2310 impositio

64 2331 198 2379 manuum
212 2317 350 2381 sufficere
365 2317 454 2381 debet
468 2338 522 2400 pro
534 2319 654 2380 Latinis.
668 2319 700 2381 30
714 2340 730 2378 ι
743 2319 864 2382 Accedit
876 2319 958 2399 quod
975 2319 1022 2379 ad-

64 2422 76 2458 u
96 2407 177 2466 vertit
198 2407 311 2470 bened.
336 2410 401 2470 XIV
427 2407 485 2488 (De
504 2408 594 2490 Sym,
610 2407 662 2470 lib.
679 2411 717 2479 8,
734 2425 800 2489 cap.
819 2411 871 2482 10,
888 2410 921 2468 n⁰
935 2409 975 2486 5),
987 2425 1024 2469 ex

65 2513 77 2547 ι
98 2493 265 2560 doctissimo
280 2498 432 2574 Manere,
448 2497 529 2578 qudd
548 2497 815 2559 instrumentorum
829 2495 947 2558 traditio
962 2515 1023 2558 non

66 2601 78 2637 ι
99 2585 176 2662 priirs
195 2585 315 2647 inventu
338 2592 382 2648 est
400 2589 491 2668 quim
512 2589 529 2647 d
549 2587 659 2648 saeculo
673 2588 738 2648 V'H
762 2586 808 2647 vei
830 2587 885 2660 1x;
900 2585 982 2646 unde
999 2586 1023 2646 si

67 2689 79 2726 ι
100 2673 175 2752 priirs
193 2675 362 2738 sacerdotes
376 2693 428 2756 per
449 2674 543 2736 solam
564 2675 788 2755 impositionem
811 2691 957 2736 manuum
977 2692 1025 2736 ra·

67 2777 79 2814 ι
100 2759 153 2824 tide
166 2763 394 2840 ordinabantur,
409 2783 463 2827 eur
479 2783 539 2826 non
553 2763 668 2826 hodio?
688 2785 704 2821 n

102 2853 182 2913 itio.
204 2854 277 2914 Haec
302 2853 389 2914 tertia
416 2853 562 2914 sententia
598 2853 676 2914 sicut
706 2851 888 2934 probabilior
908 2852 1026 2916 videtur

69 2935 96 2996 S⁰
108 2938 220 3018 Lignor.
240 2941 304 3020 (tib.
320 2945 351 3017 6,
368 2950 400 3002 ιιο
412 2945 480 3019 749)
490 2989 498 3020 ,
510 2941 592 3002 sicet
602 2940 699 3002 uobis.
710 2975 750 2986 -
761 2964 776 3001 c
789 2945 850 3005 Neo
863 2941 969 3021 obstat,
980 2944 1024 3005 in·

68 3043 82 3081 ι
103 3030 162 3108 quit
183 3029 213 3092 S.
237 3031 374 3111 Lignor.‚
394 3030 474 3112 quod
498 3029 651 3110 Eugenius
664 3031 739 3091 lV...
758 3031 950 3113 assignaverit
970 3052 1023 3112 pro

69 3132 82 3170 ι
103 3119 218 3181 materie
232 3119 457 3199 presbyteratus
471 3117 662 3180 traditionem
676 3120 943 3183 instrumentorum
953 3141 1022 3183 eum

71 3221 83 3258 ι
103 3201 208 3268 iormtt:
231 3207 338 3288 Accipe
356 3217 547 3290 potestatem.
563 3215 621 3270 etc.
644 3241 676 3254 -
699 3211 775 3270 Nam
798 3211 947 3291 sapienter
960 3229 1022 3272 res·

71 3293 242 3372 amodes..
260 3297 370 3358 Bened.
379 3297 513 3376 XiV(De
526 3296 560 3358 S
550 3317 614 3378 Jn
627 3297 699 3359 ibid.
705 3300 824 3380 ιι,0.8)
831 3298 1022 3378 ‚Eugenium

73 3398 85 3435 ι
104 3388 212 3446 tantiam
226 3386 267 3446 ibi
283 3385 438 3448 locutumf
438 3386 515 3448 uisse
529 3385 566 3447 de
582 3389 704 3448 materie
717 3396 745 3448 et
758 3387 854 3449 forma
868 3387 1020 3468 integrali,

74 3485 187 3550 »quam
208 3475 334 3536 intendit
355 3475 471 3537 tradere
487 3475 624 3536 irmenis
638 3475 690 3557 qui
713 3477 855 3557 optabant
868 3479 1022 3558 aggregari

75 3557 235 3626 »Ecclesiae
255 3563 381 3640 Latinae,
403 3571 433 3625 et
455 3563 522 3626 ideo
547 3563 683 3626 nonfuit
706 3583 782 3646 opus
806 3565 849 3626 eis
871 3569 1023 3644 assignare

78 3645 318 3730 impositionem
345 3669 516 3716 manuum.
537 3655 609 3714 ebm
630 3651 672 3714 iiii
693 3653 778 3732 Juxta
794 3652 885 3714 ritum
903 3655 1022 3713 Greco-
