2522 3992
446 231 532 278 arem
555 229 673 278 enixus.
880 223 882 226 ’
991 217 1049 282 465

69 326 166 390 modo
176 324 465 408 amplectiturslatus
474 327 647 409 perfectior:
660 329 702 390 lta
711 329 748 392 D.
761 327 856 391 Bnuix
867 327 922 407 (ne
935 330 1049 411 Repol„

69 423 147 479 torn.
180 419 208 490 l,
238 434 267 496 p.
297 418 395 491 le);
424 432 510 477 secus
537 423 638 478 autern
666 416 756 479 sentit
782 425 886 480 auctor
911 417 1047 480 l'roelect.

71 505 112 568 S.
128 502 260 585 sulpitii
283 511 328 580 (η’
350 507 427 576 450,
443 505 502 580 lll),
519 505 590 585 quia
609 504 760 586 ingressus
780 507 809 568 in
832 509 1050 570 monasterium

73 593 203 674 intelligi
219 591 308 653 debet
320 591 358 652 de
373 593 554 654 monasterio
568 593 669 656 stricte
682 593 773 669 diclo;
782 593 834 656 sed
848 594 912 656 hae
926 595 1000 658 ratio
1014 594 1052 658 ad

73 700 143 744 rem
158 699 217 743 non
233 678 348 742 ridetur
363 679 475 756 Racerc,
490 681 560 762 quia
574 681 698 744 facultas
712 683 901 765 ingrediendi
921 685 1051 766 Religio·

76 788 149 833 nem
173 769 237 832 sine
258 767 377 831 licentia
400 770 556 852 Episcopi,
572 769 695 833 lundata
707 771 824 834 videtur
838 791 930 856 super
944 773 1054 858 princi·

76 857 1055 944 piumquddliceatunicuiquemolioremetperlectioremStatum

76 949 229 1030 amplecti.

121 1037 223 1111 Quoad
233 1044 335 1102 aulem
349 1037 604 1119 Congregationes
615 1057 683 1120 quae
699 1040 860 1102 essentiam
875 1042 976 1104 Status
989 1043 1055 1105 reli-

78 1128 153 1208 giosi
175 1147 235 1188 non
257 1135 394 1204 servant,
415 1145 476 1188 non
495 1126 575 1190 clare
597 1135 677 1209 patet
701 1129 780 1210 quod
800 1129 914 1212 absque
936 1131 1055 1194 licentid

78 1217 231 1298 Episcopi,
246 1216 345 1278 clerici
355 1234 460 1279 curam
470 1216 976 1298 pracsertimaninrarumhabentes,
989 1239 1055 1301 pos·

80 1305 141 1368 sint.
156 1305 220 1367 illas
234 1305 360 1387 ingredi.
377 1304 463 1384 (Vide
477 1304 572 1366 ltouix
585 1351 593 1378 ,
605 1304 659 1382 iil.)

121 1398 209 1457 2618.
227 1395 513 1472 Disputaturutrum
524 1394 630 1455 saltem
637 1393 790 1480 licentiam
803 1395 942 1479 Episcopi
954 1404 1055 1479 petere

79 1483 209 1546 debeant
225 1482 326 1546 elerici
340 1482 528 1564 Religionem
542 1482 658 1562 ingredi
673 1483 838 1564 cupientes.
852 1485 1004 1568 Quidquid
1018 1488 1057 1550 sil

81 1572 121 1634 de
134 1571 189 1634 htc
203 1573 382 1654 questione,
394 1589 484 1634 nenio
495 1571 524 1633 in
536 1571 662 1634 dubium
678 1580 795 1634 revocat
804 1573 898 1636 teneri
913 1575 1056 1638 clericum

82 1660 122 1723 de
148 1678 203 1724 suo
229 1660 265 1724 ad
293 1660 482 1742 Religionem
510 1661 648 1742 ingressu
680 1661 839 1724 certiorem
872 1663 1056 1745 Episcopum

83 1750 198 1826 lacere,
214 1756 248 1813 ut
261 1750 286 1812 is
299 1749 414 1813 vocanti
430 1769 486 1814 suo
500 1751 620 1813 muneri
634 1749 726 1813 alium
746 1751 926 1814 substituere
940 1752 1033 1834 possit
1047 1801 1054 1826 ‚

82 1840 281 1921 praesartimsi
292 1847 444 1902 exerceret
455 1857 558 1902 curam
576 1840 757 1902 animarum.
774 1842 900 1922 Insuper
913 1859 1057 1923 casuque

83 1929 216 1991 Ecclesia
237 1947 324 2011 grave
347 1929 493 1991 damnum
517 1935 668 2010 pateretur
690 1946 726 1990 ex
749 1931 876 1996 transitu
894 1930 995 1994 clerici
1018 1929 1057 1993 ad

83 2017 286 2099 Religionem,
306 2019 472 2100 Episcopus
493 2025 593 2100 posset
615 2017 701 2080 illum
717 2026 870 2100 regreterc,
886 2022 974 2081 etiam
990 2027 1058 2102 post

83 2107 303 2169 Prol'essinnem
323 2126 331 2168 ε
348 2107 387 2169 ita
402 2107 601 2189 praelaudatus
616 2106 750 2169 Pontifex
770 2107 800 2169 in
820 2108 928 2170 eodem
944 2109 1055 2172 Brevi:

87 2217 102 2254 u
122 2195 477 2276 qnodverdjus,inquit,
496 2197 584 2257 certis
594 2195 624 2256 in
635 2195 764 2268 casibus,
775 2199 899 2259 certisve
907 2197 944 2260 de
957 2199 1058 2262 causis

83 2307 97 2343 r
122 2284 266 2366 competit
288 2285 439 2366 Superiori
461 2283 579 2346 Ordinis
598 2281 717 2346 laxioris
735 2293 768 2347 ut
788 2304 877 2348 suum
902 2287 1057 2351 subditum

83 2373 292 2455 »regularem
319 2371 356 2435 ad
381 2371 559 2435 strictiorem
586 2371 729 2434 Ordinem
756 2373 943 2455 digressum,
968 2377 1058 2439 etiam

84 2486 98 2520 n
125 2470 190 2544 post
203 2461 371 2525 solemnem
387 2462 606 2524 Prolessionem
621 2462 652 2522 in
662 2480 698 2523 eo
711 2462 869 2538 emissam,
885 2472 1018 2544 repetere
1028 2470 1059 2526 et

84 2575 99 2611 r>
125 2570 262 2614 revocare
283 2551 394 2628 valeat,
411 2550 489 2614 idem
512 2550 667 2626 similiter,
682 2551 771 2612 certis
793 2551 823 2612 in
843 2551 979 2626 casihuS,
993 2553 1058 2630 jus-

84 2663 99 2701 »
124 2641 222 2721 tisquc
250 2639 439 2721 exigentibus
458 2639 574 2716 causis,
589 2639 738 2720 Episcopo
756 2642 901 2721 competit
922 2647 956 2702 ut
968 2659 1059 2702 suum

84 2753 99 2789 o
124 2727 267 2791 clericum
289 2730 484 2806 saecularem,
500 2727 604 2792 Ordini
625 2727 753 2808 regulari
776 2727 978 2809 adscriptum,
994 2729 1057 2792 eali⁴

83 2841 99 2877 r>
125 2837 196 2878 nere
216 2819 350 2900 possit.»
375 2818 461 2879 Elin
484 2815 691 2899 probationem
712 2815 903 2878 doctissimus
923 2817 1059 2881 Pontifex

84 2905 206 2968 adducit
225 2925 291 2988 cap.
315 2907 408 2984 Licet,
432 2905 467 2968 de
487 2904 631 2987 regular„
648 2903 729 2968 idem
743 2905 953 2987 pronuntians.
973 2907 1059 2986 (vida

86 2995 196 3068 Bouix,
213 2993 267 3072 iu,
283 3016 313 3077 p.
330 2995 416 3077 549.)

125 3087 215 3146 sols.
242 3088 398 3169 Attamen,
415 3084 513 3166 inquit
530 3085 567 3148 D.
588 3084 685 3148 Bouix
699 3085 784 3162 (torn.
801 3088 830 3162 l,
845 3105 876 3164 p.
892 3089 1057 3166 seo-552),

84 3172 213 3235 clericus
223 3173 273 3254 qui
289 3193 320 3235 se
330 3173 487 3235 adstrinxit
500 3173 536 3234 ad
549 3173 867 3236 serviendumdioeeesi
880 3193 933 3257 per
946 3175 1061 3257 aliquot

84 3279 237 3324 annornm
260 3265 403 3344 spatium,
427 3261 530 3343 nequit
548 3263 733 3344 Religionem
756 3264 871 3345 ingredi
897 3271 1060 3344 antequam

84 3351 223 3430 elapsum
237 3349 327 3412 luerit
346 3357 466 3431 tempus
481 3351 655 3430 prefixum,
670 3351 741 3433 quia
755 3352 927 3434 religiosum
944 3355 1060 3414 Statum

84 3439 225 3519 amplecti
250 3447 294 3501 est
317 3442 433 3502 tantum
456 3437 494 3500 de
520 3440 665 3514 consilio,
686 3439 760 3502 dum
784 3440 823 3503 de
848 3449 997 3522 praeceptc
1017 3447 1061 3504 est

85 3527 169 3610 qudd
192 3527 344 3590 solvantur
367 3526 490 3602 debita;
513 3527 565 3589 sed
592 3528 701 3605 exinde
723 3548 784 3591 non
807 3537 906 3611 potest
929 3529 1061 3611 rigorose

85 3613 227 3679 concludi
245 3616 430 3685 Religionem
443 3635 504 3676 non
519 3635 605 3701 posse
620 3617 758 3706 amplecti
776 3619 982 3702 clericosqui,
999 3620 1060 3682 Gu-
