2550 3992
196 267 255 333 668
416 289 554 335 niumm
574 291 675 338 nonus
696 290 779 338 sunu
799 289 949 339 otnomot.

196 385 255 449 tius
278 384 420 468 quidem,
444 387 496 450 sed
519 389 639 451 omissis
664 390 876 466 communiis,
898 395 966 471 post
988 387 1181 451 nativitatem

196 475 360 558 baptizato,
374 485 444 540 sunt
460 477 516 539 iliae
538 497 606 558 quae
628 479 820 560 assignantur
842 497 897 559 pto
913 478 1065 560 Baptismo
1078 476 1181 540 iniun-

196 565 292 638 tium,
309 583 370 626 non
393 573 494 628 nutem
516 566 573 628 iltae
587 585 655 647 quae
678 585 733 648 pto
747 566 856 629 aduitis
870 565 1118 648 praescribuntur.
1136 567 1180 629 tta
1270 615 1271 652 p

196 653 227 715 S.
260 654 317 715 tttt.
338 655 463 734 Congr..
491 654 570 736 opud
600 654 693 717 Hordt
713 657 829 736 (Sucro
850 656 1023 737 Litnrpioe,
1043 672 1115 736 pars
1135 658 1178 732 o,

198 749 232 802 η’
245 746 286 817 9,
300 745 360 818 111).
377 743 408 806 Si
422 743 597 825 supplendos
611 745 671 806 sint
684 743 873 807 oaeremoniae
886 761 977 826 super
988 742 1128 806 adultum
1139 741 1179 804 ab

196 828 343 894 haeteticis
363 831 561 914 baptizatum,
577 823 822 896 servandae'suut
852 833 910 895 ittae
936 851 1007 914 quae
1029 837 1101 894 sunt
1120 849 1179 912 pto

199 919 350 1002 Baptismo
361 920 544 984 adultorum.
561 923 592 986 S.
604 923 641 984 R.
656 922 781 1004 Congo,
793 927 830 984 tt
841 940 912 1002 sug.
926 923 1024 998 1836,
1035 929 1070 982 u·
1080 923 1176 998 tuot,

197 1007 280 1072 adt.
1271 1069 1272 1090 p

237 1101 326 1162 3310.
350 1098 471 1160 Seclust
500 1099 696 1176 necessitate,
720 1099 845 1163 mortale
868 1107 948 1163 esset
968 1098 1123 1181 baptizare
1143 1099 1177 1160 iu
1271 1107 1272 1110 ’

197 1191 275 1266 aqut
290 1205 351 1248 uon
365 1191 548 1258 consecrati,
565 1189 611 1250 vei
631 1189 696 1252 sint
714 1189 855 1251 unctione
866 1189 1056 1264 chrismatis,
1072 1195 1127 1250 out
1146 1187 1177 1250 iu

172 1321 175 1328 .
197 1273 356 1339 chrismate
378 1277 500 1340 alterius
518 1279 611 1340 unni:
631 1297 667 1340 ex
682 1297 748 1360 onp.
770 1279 800 1340 Si
821 1279 888 1361 quis
905 1277 940 1340 de
961 1279 1035 1345 otio.
1052 1277 1124 1338 dist.
1141 1281 1176 1352 t,

198 1362 248 1424 ubi
263 1363 422 1428 damnatur
435 1366 473 1428 de
489 1367 625 1442 mortali,
638 1367 766 1448 «siquis
779 1367 818 1429 de
834 1368 892 1430 aiio
905 1367 1067 1430 chrismate
1081 1370 1178 1448 qu'um

198 1473 213 1510 n
238 1450 276 1515 de
292 1454 342 1517 iiio
356 1460 454 1535 (novo)
470 1455 635 1538 baptizare,
652 1457 707 1517 nisi
729 1465 956 1538 puaeoooupsnte
972 1463 1090 1529 morte,
1106 1463 1175 1516 tou·

198 1563 214 1600 u
239 1545 370 1607 tuterit»
387 1566 394 1622 3
416 1545 496 1628 quod
510 1545 737 1607 contiumutuntt
757 1546 877 1607 Rituoii
891 1545 1019 1606 Romano
1033 1563 1045 1606 :
1064 1553 1177 1606 ovete·
1272 1593 1273 1600 ,

199 1654 214 1690 n
240 1633 322 1696 titius
335 1635 423 1713 oleis,
436 1635 490 1696 nisi
502 1635 770 1716 necessitnscognt,
782 1635 859 1698 ultra
871 1651 985 1697 annum
998 1651 1058 1696 non
1073 1641 1177 1695 ututur

199 1743 213 1778 o
239 1721 407 1803 (parochus)
418 1745 425 1800 ;
437 1741 472 1786 ac
482 1725 504 1784 si
515 1722 643 1785 detinem-
659 1723 826 1799 videantur,
840 1732 869 1786 et
882 1722 1014 1785 chrisma
1026 1728 1057 1783 et
1071 1723 1175 1784 oleum

200 1831 214 1867 n
241 1811 431 1875 benedictum
447 1812 548 1874 haberi
564 1829 624 1873 non
641 1812 733 1893 possit
745 1860 752 1886 ,
763 1811 844 1874 ntiud
858 1809 1008 1874 oleumdo
1017 1809 1104 1872 olivis
1112 1827 1175 1872 non

199 1921 214 1957 n
241 1899 430 1963 benedictum
445 1903 611 1982 adjiciatur,
627 1900 679 1962 sod
694 1901 724 1962 in
740 1901 848 1964 minori
864 1901 1040 1984 quantitate.
1057 1921 1074 1958 n

239 1993 292 2052 33t
302 1995 329 2052 t.
346 1989 421 2062 Quid
436 1991 506 2054 veto
520 1991 556 2067 si,
568 1990 821 2072 somptuosum,
833 1999 932 2074 pastor
946 2006 1059 2051 novum
1073 1988 1174 2051 uisum
1273 2041 1274 2070 .

201 2098 261 2142 non
277 2081 413 2161 sucepit?

240 2171 328 2250 Resp.
356 2169 442 2230 Vanis
457 2170 474 2230 t
492 2169 580 2230 vonis
594 2169 695 2231 sentiri
713 2189 720 2229 :
737 2169 787 2232 otii
806 2170 887 2233 euim
903 2169 1032 2232 suadent
1048 2176 1083 2231 ut
1097 2187 1174 2249 pm·

201 2259 299 2319 missis
321 2257 387 2318 aliis
413 2257 580 2338 Baptismus
598 2257 790 2334 conseratur,
805 2269 834 2322 et
862 2269 963 2340 postea
978 2258 1178 2340 suppleantur

201 2347 357 2409 unctiones
368 2365 377 2422 ;
388 2345 437 2408 alii
447 2347 549 2408 nitunt
560 2347 744 2429 Baptismum
761 2366 847 2426 posse
857 2347 968 2410 uiuent
981 2395 989 2426 ,
1001 2349 1058 2408 nisi
1069 2355 1178 2409 morus

202 2433 366 2518 petiouium
383 2435 555 2511 immineam
567 2437 615 2498 alii
630 2435 753 2498 tandem
766 2441 871 2499 volunt
884 2455 971 2519 posse
987 2436 1177 2517 Baptismum

200 2523 400 2588 administrati
415 2525 445 2587 in
457 2525 547 2586 uotoni
563 2525 739 2598 chrismate,
756 2526 825 2607 quin
836 2527 948 2608 jugiter
962 2525 1091 2588 infantes
1103 2531 1177 2586 suut

202 2633 231 2677 tn
247 2615 730 2698 pe1·ioulom0utis.-Sionotom
746 2617 776 2678 S.
795 2617 913 2696 Liguor.
931 2614 1044 2691 (tino,
1061 2622 1095 2674 n·
1107 2617 1175 2691 tut

201 2704 354 2786 distinguit
370 2724 378 2766 ι
398 2725 413 2764 o
427 2703 456 2766 Si
471 2703 571 2765 oleum
587 2713 697 2765 novum
713 2699 933 2785 expectandum
954 2707 1034 2765 esset
1050 2719 1105 2783 per
1119 2720 1176 2765 uo·

202 2817 216 2850 n
242 2795 329 2855 tubiio
343 2803 462 2875 tempus
472 2839 480 2868 ‚
492 2801 563 2873 puta
577 2811 629 2873 per
646 2795 682 2854 to
692 2795 736 2856 vei
753 2798 787 2856 tt
800 2793 880 2870 dim,
895 2801 969 2854 tuno
979 2791 1176 2872 tinitoputertt

203 2905 216 2939 n
242 2883 369 2945 consoni
387 2883 554 2964 Baptismus
564 2882 628 2943 sint
639 2882 847 2956 unctionibus,
858 2890 889 2944 et
899 2889 1001 2963 posteo
1015 2879 1177 2944 unctiones

202 2995 217 3028 »
243 2971 394 3050 suppleri:
410 2972 481 3051 quia
494 2969 560 3032 tntis
573 2969 675 3032 ditatio
694 2977 739 3054 spt
756 2972 836 3050 justo
855 2977 902 3032 est
920 2987 1011 3032 causa
1030 2975 1066 3031 ut
1082 2967 1178 3051 possit

203 3083 217 3119 o
244 3061 412 3140 Baptismus
433 3061 499 3120 sino
522 3059 579 3120 iilis
604 3059 783 3135 ministuoni3
805 3077 911 3131 secus,
931 3060 954 3120 si
976 3059 1079 3120 oieum
1097 3059 1178 3120 intr·

203 3173 218 3208 n
244 3148 401 3230 praedictos
414 3147 478 3207 dios
492 3148 578 3210 suciis
595 3147 697 3210 haberi
716 3150 827 3231 possit:
843 3157 917 3211 tuno
929 3148 1010 3210 enim
1026 3153 1099 3227 puto
1113 3163 1177 3208 non

204 3263 218 3296 u
244 3254 331 3318 posse
346 3235 409 3296 sint
425 3237 599 3299 necessitate
610 3285 618 3308 ,
631 3237 675 3299 tei
690 3242 797 3299 saitem
811 3238 876 3300 sint
889 3240 979 3299 coust
993 3235 1090 3317 graui,
1103 3236 1181 3317 Bap-

125 3345 131 3356 ·
204 3347 218 3384 n
244 3326 363 3386 tismum
379 3323 509 3404 soporati
523 3324 561 3386 ab
574 3326 866 3407 unctionibus‚quae
878 3343 916 3388 ex
930 3327 1009 3406 gnum
1026 3333 1177 3406 pnaeoepto

204 3437 219 3473 u
244 3415 480 3476 concoutituutor
492 3432 563 3476 cum
578 3415 731 3495 Baptismo
744 3414 856 3477 debent
868 3413 1002 3476 adhiberi
1013 3459 1022 3490 ‚
1033 3413 1091 3475 nisi
1101 3412 1180 3476 totto

205 3525 219 3563 ι
245 3502 479 3582 ptiosndhibitae
493 3503 573 3576 sint,
598 3513 631 3564 ut
654 3505 756 3584 plures
777 3504 949 3586 opinantur.
968 3524 984 3562 n
1011 3501 1070 3564 Sed
1094 3519 1180 3564 nunc

206 3598 334 3650 soutum
349 3599 395 3652 nst
407 3590 534 3652 dubium
549 3593 566 3651 t
580 3591 612 3652 S.
630 3592 665 3653 R.
682 3593 793 3673 Congu
805 3594 847 3669 (in
859 3591 1178 3670 Ortoiensi‚u·tfl'12);

204 3681 340 3741 oonsuttu
353 3696 436 3740 enun
452 3697 461 3738 ι
478 3681 508 3740 t·
522 3679 610 3745 An...
624 3679 822 3750 «benedictio
830 3681 934 3752 Fontis
943 3679 1131 3760 baptismatis
1145 3697 1178 3744 io
