2528 3996
246 245 304 308 538
465 267 604 317 ulmam
622 271 723 320 rorms
744 273 826 320 roais
846 273 995 324 annosior.

245 363 371 426 retineat
384 365 579 430 eminentiam
593 369 813 454 Episcopalem;
822 391 909 437 secus
921 375 960 437 dc
973 374 1156 458 cardinali,
1168 383 1228 462 quia
1255 428 1256 433 η

245 451 276 514 in
291 471 362 514 casu
376 452 558 518 dimissionis
581 457 654 520 nibil
677 459 732 542 ipsi
748 471 883 524 remanet
900 463 938 526 de
955 467 1122 546 Dignitate
1137 472 1227 534 canli-
1255 514 1256 517 ,

245 541 361 619 nalitia3
374 541 432 605 hoc
444 551 545 608 autem
557 547 588 610 S.
598 547 718 629 Liguor.
728 558 812 631 putat
822 553 1006 633 probabilius
1016 555 1130 637 naid„
1143 570 1180 621 n⁰
1193 565 1224 636 3).

620 699 775 778 nnuman
795 721 826 780 n.

242 851 279 898 ΒΕ
300 853 372 898 tuna
398 853 588 900 annullatam
609 853 703 908 QUOAD
728 855 812 902 snam
833 857 999 905 nlntsrnmt
1017 861 1221 912 Bmfflltl.

282 987 371 1047 2892.
394 985 570 1049 Guillelmus
585 988 644 1050 bS.
656 988 778 1065 Amore,
790 989 842 1072 qui
856 989 937 1054 bSS'.
949 992 1115 1060 Thomlet
1128 1001 1220 1064 Bona-

242 1073 616 1154 venturtluiteonnnams‚
626 1076 824 1140 contendebat
835 1089 1218 1165 noncssepermittendum

242 1162 427 1242 regularibus
453 1171 486 1226 ut
508 1163 724 1245 praedicarent,
752 1167 956 1232 confessiones
980 1171 1159 1253 audirent,
1189 1181 1218 1242 nl

237 1251 433 1316 Doctoratum
451 1261 481 1316 et
504 1253 662 1316 cathedras
682 1257 713 1317 in
732 1255 860 1336 publicis
881 1257 1052 1324 academiis
1073 1265 1218 1330 admitte

241 1345 367 1404 rentur:
390 1342 480 1424 quia,
501 1343 586 1423 juxta
608 1345 723 1426 ipsum,
747 1345 824 1408 sacri
847 1347 1004 1410 ministerii
1031 1358 1217 1420 exercitium

240 1448 311 1492 cum
334 1437 440 1495 natura
469 1437 499 1496 ct
521 1432 581 1494 line
601 1434 699 1496 Status
722 1434 852 1516 religiosi
874 1443 999 1518 pugnat.
1020 1439 1114 1505 Idem
1136 1465 1217 1510 error

200 1541 202 1550 ·
240 1521 1216 1604 renovatusluita'lansenistisinSynodoPistoriensi‚utconstst

239 1627 275 1670 ex
283 1609 369 1672 Bulla
379 1612 534 1673 Auctorem
543 1609 626 1693 fidei,
638 1630 758 1694 propos.
771 1616 820 1689 80;
832 1614 992 1677 citandam
1002 1615 1087 1682 hisce
1099 1629 1216 1708 tempo

239 1697 321 1761 ribus
330 1700 481 1782 inBelgio‚
491 1703 508 1762 a
518 1700 651 1762 Mariano
666 1701 853 1774 verbosior,
863 1703 948 1782 juxta
956 1724 1048 1787 quem
1056 1714 1214 1792 regulares

244 1805 305 1848 non
316 1789 519 1852 suntinstituti
532 1789 587 1851 nisi
598 1790 629 1851 in
642 1789 800 1852 subsidium
811 1793 924 1853 tantam
937 1802 968 1854 et
979 1794 1129 1876 defectam
1144 1805 1215 1866 cleri

237 1877 406 1954 secuturas,
421 1878 465 1938 ito
478 1886 513 1938 nt
525 1879 687 1960 Episcopus
700 1899 756 1939 non
770 1878 870 1940 debent
882 1880 1031 1963 reputares
1049 1892 1211 1954 moer-dans

237 1963 276 2024 od
289 1965 472 2028 secularium
487 1967 674 2047 confessiones
695 1966 851 2030 audiendas
864 1989 1018 2042 assumere,
1043 1973 1099 2034 ubi
1117 1978 1210 2041 cleros

235 2052 441 2115 recaluistis
464 2057 555 2116 seems
567 2056 676 2117 muniis
690 2054 826 2118 obeundis
845 2065 931 2138 aptus
948 2067 978 2120 et
992 2063 1142 2142 sufficiens
1157 2079 1208 2130 est.

237 2140 310 2202 Vide
324 2159 373 2222 ap.
389 2143 425 2203 D.
443 2143 536 2206 Bouix
550 2145 604 2224 (De
618 2144 771 2226 Ilrpnlar.²
785 2152 859 2209 tom.
873 2151 904 2225 9,
916 2165 946 2229 p.
965 2151 1043 2226 178).

274 2231 363 2291 2893.
386 2231 479 2293 Porro
493 2231 557 2294 haec
571 2251 636 2295 essa
655 2251 781 2296 erronea
799 2235 869 2297 satis
889 2243 1018 2310 constat,
1033 2243 1101 2302 tum
1117 2262 1157 2307 ex
1173 2265 1206 2308 oo

235 2317 316 2398 quod
330 2317 431 2400 plures
445 2321 572 2383 Ordines
586 2321 716 2404 religiosi
731 2324 747 2384 a
766 2322 844 2384 Sede
859 2325 1029 2406 apostolica
1048 2334 1203 2412 approbat

235 2405 345 2469 luerint
364 2427 434 2471 cum
454 2409 596 2472 missione
616 2429 736 2473 sacrum
754 2411 954 2475 ministerium
975 2421 1161 2496 exercendi,
1175 2434 1208 2485 ut

234 2501 314 2576 patet
327 2515 476 2561 exeorum
489 2499 761 2575 constitutionibus,
772 2507 803 2562 et
815 2501 840 2562 si
851 2501 994 2582 praedicta
1003 2523 1073 2568 vera
1084 2521 1205 2590 essent,

233 2583 403 2664 hujusmodi
427 2587 563 2650 Instituta
589 2607 679 2650 suum
703 2588 795 2650 linem
810 2592 943 2672 persaepe
965 2593 1114 2676 attingere
1145 2619 1204 2664 non

233 2675 382 2738 valerent:
402 2697 417 2734 u
435 2676 611 2758 Fingamus,
627 2677 724 2758 inquit
737 2679 770 2738 D.
789 2677 884 2741 Bouix
903 2679 1001 2758 (itta,
1014 2700 1045 2764 p.
1068 2689 1160 2765 181),
1176 2691 1205 2752 in

232 2785 247 2819 a
272 2763 371 2845 aliqua
384 2763 504 2828 dioecesi
520 2771 654 2846 receptos
667 2765 804 2840 lesuitas,
820 2767 892 2828 crim
903 2769 1039 2832 nondum
1056 2777 1204 2854 pmdiffl.

232 2873 247 2908 a
271 2853 402 2916 tionibus
415 2861 445 2915 et
457 2853 614 2916 audiendis
627 2853 866 2918 confessionibus
879 2875 933 2938 par
946 2865 1023 2920 esset
1031 2861 1135 2926 olenus
1149 2885 1202 2928 sae·

232 2963 247 2998 a
272 2939 341 3001 laris
360 2960 367 3000 :
383 2945 556 3024 contingere
575 2949 670 3024 potest
689 2948 724 3006 ut
742 2951 809 3024 post
831 2963 950 3008 menses
973 2945 1106 3028 aliquot,
1123 2951 1201 3017 idem

231 3051 246 3086 n
271 3027 421 3090 saecularis
446 3033 543 3094 clerus
573 3032 724 3094 sullioiens
745 3031 869 3110 evadat3
892 3033 962 3122 quid
990 3043 1066 3099 tunc
1087 3039 1144 3104 fiet
1167 3042 1201 3106 de

232 3139 246 3174 u
270 3116 389 3178 Jesuitis
399 3117 477 3180 illis?
488 3119 680 3183 debebunlne
690 3121 828 3182 Instituto
841 3121 1005 3185 valedicere
1018 3127 1098 3188 etad
1112 3131 1199 3193 utam

230 3205 530 3286 »contemplativam
558 3227 623 3272 sese
650 3215 847 3272 converteret
867 3209 927 3272 Sed
951 3211 989 3272 ad
1013 3213 1043 3274 id
1065 3233 1103 3278 ex
1128 3222 1200 3284 sotis

230 3314 245 3348 a
269 3291 332 3354 suis
347 3311 407 3354 non
426 3300 583 3374 tenentum
600 3316 672 3378 ergo
689 3297 857 3379 expellendi
878 3305 967 3361 crunt
985 3307 1016 3364 et
1034 3301 1198 3370 dicendum

229 3401 245 3438 a
269 3380 341 3461 ipsis
354 3383 410 3445 erit
425 3391 459 3446 ut
472 3386 603 3467 migrent
620 3385 657 3447 ad
677 3386 743 3448 loca
761 3385 813 3449 ubi
835 3385 933 3450 adbuc
953 3389 1142 3458 insufficiens
1158 3403 1199 3459 est

230 3488 245 3526 a
269 3469 419 3534 saecularis
433 3473 569 3535 clerus.»

268 3557 345 3617 'l'um
359 3577 396 3620 ex
409 3559 601 3623 damnatione
611 3565 987 3647 propositionisllOSynodi
998 3567 1186 3634 Pistoriensis

229 3663 297 3724 qua
307 3647 349 3708 sic
364 3646 471 3710 habet:
487 3651 628 3732 «Regula
641 3657 655 3713 l
672 3671 740 3733 quae
750 3654 851 3716 statuit
864 3655 1002 3718 universe
1015 3663 1046 3718 ct
1059 3657 1196 3722 indiscri-
