2522 3996
429 231 515 280 cram
534 231 651 279 raruos.
986 221 1026 281 69

53 357 66 394 a
91 333 237 400 omnihus
258 331 368 414 quibus
389 331 560 394 animarum
586 350 660 394 cura
683 332 846 396 commissa
865 340 927 412 est,
956 355 1026 398 oves

52 449 67 483 n
91 441 162 486 suas
176 439 411 506 cognoscere...;
427 439 495 502 quae
507 421 610 483 omnia
623 439 817 504 nequaquam
831 422 919 485 abiis
933 444 1025 506 praes-

51 538 66 571 a
91 513 187 576 lari...
210 517 354 596 possunt,
376 509 429 591 qui
449 510 532 591 gregi
555 528 611 572 suo
625 529 687 573 non
701 509 856 592 invigilant
871 531 969 594 neque
983 533 1027 576 as·

52 625 67 660 a
93 603 230 680 sistunt,
257 599 310 664 sed
336 597 593 662 mercenariorum
614 617 699 662 more
725 599 894 678 deserunt,
921 608 978 665 etc.
1007 625 1023 661 r

53 696 93 753 Er
114 709 146 768 ο,
162 697 221 753 etc.

94 711 114 840 Ξ
134 779 216 857 Sed,
234 779 334 862 inquit
346 776 462 840 Bened.
477 779 543 839 xlv
562 777 619 856 (De
631 777 768 860 Synodod
786 777 839 840 lib.
856 783 887 857 7,
903 797 970 860 cap.
988 783 1025 852 l,

53 895 67 928 n
94 879 128 930 n⁰
141 873 210 948 l)...
227 887 290 931 non
310 867 383 928 dixit
395 865 528 928 Trident.
546 885 608 928 non
626 885 714 948 posse
731 886 803 930 oves
818 885 957 949 pascere,
974 867 1027 949 qui

55 985 68 1018 n
94 979 157 1022 non
183 957 333 1032 resident,
357 954 410 1018 sed
434 954 486 1036 qui
506 957 592 1036 prepi
611 975 661 1016 suo
681 975 737 1018 nou
756 955 920 1037 iauz'pilaat
937 976 1028 1037 aeque

55 1075 69 1106 a
93 1050 254 1124 assistant,
273 1045 324 1108 aed
340 1045 584 1106 marmoreorum
604 1064 682 1106 more
702 1044 873 1107 deserant...
893 1063 1027 1126 eumque

55 1161 68 1198 a
96 1157 158 1200 non
173 1136 311 1198 deserere
332 1133 402 1214 qui,
418 1133 473 1196 etsi
494 1133 602 1194 ahsens
622 1133 660 1194 sit
673 1152 815 1216 corpore,
832 1134 912 1197 illius
924 1141 1025 1196 umen

53 1250 68 1286 u
94 1227 237 1307 regimini
252 1232 282 1286 et
295 1224 394 1285 tutelae
408 1221 514 1285 sedulo
527 1221 656 1284 excubat
668 1224 781 1286 animo.
797 1245 813 1282 a

94 1318 128 1376 ln
151 1318 207 1376 sua
227 1319 329 1375 autem
350 1311 530 1372 allocutione
551 1311 588 1372 ad
608 1311 778 1374 cardinales
800 1319 830 1374 et
844 1313 1024 1396 Episcopos,

54 1403 193 1466 kalendis
207 1401 305 1464 martii
319 1404 413 1474 asoa,
434 1393 481 1461 'sic
494 1399 590 1461 aiebat
603 1401 674 1463 Pius
687 1403 738 1477 lv,
754 1403 834 1464 circa
847 1411 1026 1484 praesentem

56 1493 255 1575 quaestioncm
273 1509 281 1551 ι
310 1513 326 1550 a
345 1490 426 1551 Licet
438 1490 546 1550 rerd...
566 1507 665 1570 neque
683 1490 716 1550 in
732 1490 787 1552 isto
801 1491 933 1552 Concilio
946 1492 1026 1555 clare

57 1605 72 1641 a
95 1581 257 1644 delinitum
271 1579 326 1650 sit,
342 1597 381 1640 an
397 1577 558 1640 residentia
575 1577 693 1656 dejure
706 1577 808 1640 divino
828 1597 893 1641 esse
906 1599 1027 1643 censea-

56 1693 70 1729 υ
95 1679 155 1748 tur,
174 1668 259 1752 quod
272 1686 372 1749 neque
392 1667 481 1729 etiam
502 1684 557 1728 nos
575 1667 658 1728 nunc
671 1685 708 1727 err
726 1666 888 1746 improviso
901 1668 1027 1731 definire

55 1785 69 1818 a
93 1759 313 1823 audemus...»
333 1756 386 1837 (De
405 1753 543 1837 Sycurio,
561 1754 647 1834 ibid.)
658 1753 732 1816 Vide
744 1755 839 1816 Bouix
852 1803 859 1834 ‚
874 1756 918 1818 Dc
934 1757 1026 1839 Epis-

53 1871 134 1932 copo,
148 1856 224 1910 torn.
241 1852 270 1918 9,
287 1867 318 1928 p.
334 1851 365 1924 2,
380 1848 410 1916 3,
425 1852 482 1907 etc.

95 1943 186 2000 ilat).
210 1937 333 2008 Quaerit.
348 1939 380 1996 2⁰
391 1934 520 2006 Quinam
528 1931 650 2015 parochi
664 1932 731 2014 lege
740 1933 910 1998 residentiae
921 1938 1027 1998 astrin-

53 2027 191 2090 rantur?

52 2077 69 2108 a
92 2120 185 2198 Resp.
205 2120 235 2178 1⁰
257 2113 303 2174 Ad
326 2112 516 2174 residentiam
535 2128 595 2174 non
614 2116 756 2175 tenentur
768 2113 891 2194 parochi
911 2115 1025 2198 impro-

52 2207 117 2287 prie
133 2205 206 2267 dicti
225 2222 279 2266 seu
299 2201 420 2283 parochi
439 2203 470 2262 in
492 2201 616 2277 habitu,
631 2201 702 2282 quia
719 2201 756 2263 ad
771 2220 823 2264 eos
836 2222 898 2282 non
913 2211 1026 2286 spectat

52 2315 135 2358 curae
148 2293 337 2368 exercitium,
349 2309 405 2353 nec
416 2307 520 2352 curam
530 2290 700 2352 animarum
709 2291 777 2354 vere
788 2290 1025 2357 habent—Item

51 2391 177 2466 propter
199 2382 338 2444 eamdem
360 2379 506 2442 rationem
529 2379 566 2441 ad
588 2379 781 2441 residentiam
796 2397 858 2442 non
885 2388 1025 2446 tenentur

52 2474 154 2536 vicarii
162 2472 215 2554 qui
227 2469 369 2550 adiuuant
377 2468 521 2552 parochos
528 2485 582 2548 per
590 2468 705 2550 seipsos
717 2475 906 2547 exercentes;
921 2473 1024 2537 abesse

54 2573 156 2624 tarrren
180 2565 199 2622 a
221 2559 362 2641 parochia
384 2576 446 2620 nou
470 2556 581 2618 debent
602 2557 668 2618 sine
689 2556 810 2620 licentia
831 2559 954 2640 parochi
974 2569 1025 2624 aut

53 2653 74 2711 E
98 2653 163 2714 isco
187 2650 207 2712 i.

77 2671 261 2802 piade-2⁰
274 2739 353 2817 Lege
367 2741 467 2798 autem
480 2735 647 2798 residentiae
660 2739 803 2796 tenentur
816 2752 922 2800 omnes
933 2755 1023 2819 paro-

52 2831 100 2891 chi
126 2827 250 2911 proprie
270 2825 359 2901 dicti,
379 2825 431 2906 qui
453 2824 634 2886 heneficium
656 2823 825 2904 parochiale
844 2835 1023 2909 perpetuum

53 2919 186 2992 habent3
208 2915 247 2976 de
266 2915 314 2977 his
340 2914 422 2977 enim
444 2915 608 2996 praesertim
627 2912 759 2992 loquitur
778 2915 944 2980 Concilium
961 2919 1024 2981 Tri-

51 3007 136 3068 dcut.
152 3007 219 3068 lind
237 3003 294 3067 hac
311 3003 417 3065 eadem
430 3003 496 3084 lege
516 3007 657 3064 tenentur
675 3001 794 3081 parochi
808 3007 981 3070 amoribiles
994 3017 1023 3070 et

53 3095 154 3157 ricarli
167 3092 263 3155 curati
271 3139 279 3168 ‚
297 3097 358 3154 tarn
376 3090 558 3174 temporales
570 3092 662 3171 quam
673 3093 823 3171 perpetui,
836 3095 907 3176 quia
920 3115 1022 3159 reuera

55 3185 166 3244 hahent
175 3199 280 3244 curam
291 3181 460 3242 animarum
470 3187 499 3240 et
510 3180 686 3241 suntoaruta'
695 3179 848 3261 inferiores
861 3183 899 3245 de
913 3187 1022 3265 quihus

53 3273 189 3354 loquitur
212 3269 353 3350 Synodus
373 3268 557 3331 Tridentino.
578 3269 660 3331 Idem
679 3268 841 3332 dicendum
865 3278 911 3334 est
927 3273 965 3334 do
984 3275 1022 3336 ri-

54 3365 137 3421 cario
149 3358 306 3439 temporali
317 3358 389 3439 qui,
404 3363 528 3419 vacante
542 3356 697 3439 parochia,
713 3358 750 3418 ad
765 3376 868 3420 curam
882 3361 923 3422 ihi
938 3381 1021 3424 exer-

55 3450 203 3523 cendam,
219 3447 316 3509 donec
329 3445 367 3507 de
381 3453 496 3508 rectore
510 3446 627 3525 provisa
644 3445 751 3524 fuerit,
767 3446 935 3528 deputatur.
949 3451 1021 3513 Vide

58 3537 172 3612 Bonis,
189 3537 232 3598 De
247 3537 377 3596 l’orocho
392 3537 436 3616 (p.
453 3539 533 3608 538).

97 3623 357 3694 lasa-Quando
371 3623 520 3700 parochus
533 3621 736 3698 coadiutorem
750 3619 839 3680 hahet
848 3667 855 3695 ,
865 3629 926 3680 tam
935 3621 1020 3680 coad-
