2528 3996
439 251 524 296 cram
544 251 660 296 antuus.
989 234 1048 296 569

81 348 204 431 speciali
237 367 292 428 pro
315 347 399 426 aliis;
427 348 554 430 operarii
575 355 605 411 ct
625 347 675 410 alii
696 349 735 412 ad
762 349 914 413 servitium
942 366 1051 410 neces·
1136 407 1138 410 .

81 437 149 499 sarii
162 485 170 514 ‚
190 437 328 499 similiter
341 455 412 499 cum
425 436 556 514 licentia,
571 455 640 517 quae
653 437 683 498 in
699 439 735 500 iis
748 439 866 501 casibus
876 438 1050 501 necessariis

80 525 143 587 dari
158 525 247 588 debet
260 525 298 587 ab
316 525 465 606 Episcopo
478 525 567 587 simul
582 533 612 588 ct
627 526 749 588 cantato
764 526 892 609 regulari
913 545 966 607 pro
985 544 1048 588 mo·

82 614 219 678 nastcriis
232 613 394 695 exemptis,
415 619 446 676 ct
465 615 483 675 a
503 614 568 675 soto
583 615 731 697 Episcopo
750 634 805 697 pro
820 633 881 678 non
892 615 1046 696 exemptis
1059 690 1062 700 ¹

84 703 211 768 Nomine
223 708 323 764 autem
335 701 472 782 Episcopi
491 700 698 784 intelliguntur
712 705 848 766 Vicarius
858 703 1046 765 Generalis'
1025 723 1049 765 sr

83 789 190 852 babeat
202 789 329 865 speciale
343 789 536 867 mandatum,
559 798 590 852 ct
610 791 746 856 vicarius
763 791 956 874 capitularis,
974 791 1051 854 Sede

83 887 216 942 vacante.

122 971 211 1030 6854.
222 965 393 1029 Notandum
407 971 454 1029 est
463 969 495 1029 l⁰
504 967 586 1050 quod
600 986 636 1030 cx
649 967 791 1030 mandato
800 969 962 1032 Clementis
973 971 1048 1048 Vlll,

84 1058 115 1118 S.
131 1057 224 1136 Cong.
240 1054 380 1136 Episcop.
397 1062 427 1117 ct
438 1057 576 1136 ttrgutan
591 1061 630 1118 66
647 1075 715 1118 nov.
737 1061 821 1124 1606.
834 1061 922 1138 paena
934 1075 1052 1119 encom-

84 1143 295 1206 municationis
317 1143 439 1222 majoris
463 1143 615 1206 innodavit
635 1145 778 1208 violantes
798 1146 967 1208 clausuram
991 1165 1052 1208 mo

84 1233 208 1295 nialium
221 1231 261 1294 ob
273 1233 384 1292 matam
395 1232 482 1314 finem
499 1252 509 1293 .·
524 1232 605 1312 quod
621 1251 682 1295 non
698 1233 812 1296 ridetur
825 1253 913 1318 posse
927 1233 1051 1315 intelligi

77 1321 141 1382 'nisi
155 1321 193 1382 de
208 1319 243 1382 iis
256 1319 308 1402 qui
322 1319 492 1382 facultatem
514 1319 701 1401 ingrediendi
715 1321 845 1399 habent,
861 1324 932 1386 cbm
952 1324 1050 1386 caeteri

86 1410 257 1472 ctaasaram·
267 1407 411 1470 violantes
424 1407 513 1482 alias,
534 1414 569 1470 ut
585 1411 648 1488 jam
670 1408 818 1486 diximus,
843 1413 1050 1474 excommuni-

86 1505 202 1560 centur:
213 1496 385 1575 hujusmodi
393 1501 494 1558 autom
503 1497 772 1560 excommunicatio
781 1500 1049 1579 Papaercscrratur,
1161 1563 1165 1572 ,

88 1585 139 1648 sad
153 1586 230 1647 intra
243 1585 358 1647 ltaliam
371 1585 499 1648 tantiam.
516 1579 645 1644 Videtur
655 1583 807 1648 sublatae
822 1586 856 1650 C.
871 1589 932 1668 Ap.
945 1590 1044 1655 Sedis.

127 1677 216 1738 6856.
238 1673 409 1735 Notandum
427 1679 472 1734 est
493 1676 525 1734 6ο
547 1673 629 1753 quod
643 1673 784 1736 mulieres
799 1675 817 1735 a
833 1671 910 1734 Sede
926 1675 1051 1752 Aposto-

86 1763 142 1826 lica
157 1762 306 1825 licentiam
324 1761 486 1836 habemas,
505 1779 566 1823 non
589 1763 704 1842 possint
717 1761 853 1841 ingredi,
875 1758 931 1822 nisi
953 1759 1053 1822 habito

84 1869 237 1916 consensu
266 1850 441 1913 monialium
465 1849 666 1930 capitulariter
692 1851 821 1930 praestito
840 1867 894 1932 per
912 1848 1052 1930 sutfragia

83 1948 210 2005 secreta.
227 1939 358 2001 Ferraria
371 1943 411 2016 (v0
425 1938 586 2012 Martiales,
601 1946 656 2000 art.
672 1942 708 2014 3,
724 1948 756 2000 n⁰
770 1941 831 2016 56).

126 2031 216 2092 6856.
228 2027 348 2100 oaaertt.
364 2030 395 2089 3⁰
406 2030 452 2088 An
465 2026 502 2087 sit
516 2026 698 2107 prohibitum
708 2026 849 2090 accedere
858 2026 897 2089 ad
905 2023 1050 2089 moniales

84 2125 200 2180 etcum
213 2117 258 2180 eis
271 2115 424 2196 colloqui?

127 2208 217 2287 Resp.
238 2204 370 2266 Affirmat
372 2205 426 2264 ive.
443 2205 590 2267 Omnibus
604 2205 791 2306 generaliter,
807 2205 868 2267 siva
888 2205 972 2267 laicis
992 2206 1052 2268 sire

85 2293 328 2357 ecclesiasticis'
306 2309 366 2352 stre
380 2291 575 2372 regularibus,
592 2293 648 2354 sub
665 2294 755 2355 variis
769 2295 865 2374 poenis
884 2293 1052 2375 prohibitus

85 2389 134 2444 est
146 2399 283 2444 accessus
295 2377 333 2442 ad
353 2379 515 2453 moniales,
541 2381 606 2441 sinc
620 2381 786 2443 rationabili
800 2385 907 2456 causa,
928 2401 966 2442 ex
984 2400 1050 2462 cap.

86 2471 268 2534 Manastcrr'a
281 2473 318 2542 8,
340 2466 375 2530 de
390 2467 450 2529 vitai
472 2475 501 2530 et
519 2467 627 2530 bonest.
643 2468 754 2547 cleric,
777 2489 843 2550 cap.
868 2469 986 2530 Poriral
986 2489 1049 2541 aaa,

85 2559 124 2623 dc
136 2557 227 2622 Statu
240 2557 350 2640 repul„
365 2555 395 2618 in
409 2559 441 2618 6⁰
458 2575 466 2618 :
482 2555 562 2638 quod
576 2557 751 2618 innovatum
765 2557 819 2619 luit
833 2557 971 2618 aGoncil.
988 2557 1053 2618 Tri·

86 2649 187 2724 deut,
200 2663 273 2710 sess.
288 2649 345 2722 65,
361 2664 388 2708 a.
405 2649 434 2718 5,
451 2645 495 2708 De
509 2644 667 2724 deputor„
683 2652 711 2705 ct
724 2647 741 2704 a
756 2647 787 2706 S.
811 2645 864 2705 Pio
880 2645 914 2720 V,
929 2645 1052 2706 Constit.

87 2735 179 2798 Circa
190 2734 364 2817 pastoralis..
373 2733 448 2795 Vide
462 2735 594 2794 Ferraria
608 2735 646 2809 (a⁰
660 2732 820 2806 Martiales,
836 2737 891 2794 art.
906 2736 937 2809 t,
950 2741 982 2792 n⁰
992 2737 1031 2809 t).
1047 2811 1049 2815 Ι

130 2827 219 2888 6867.
236 2822 349 2884 edicta
357 2820 556 2903 prohibitione
570 2820 758 2901 excipiuntur
768 2821 924 2883 saculares
937 2821 969 2882 in
984 2826 1014 2884 t⁰
1023 2828 1055 2886 ct

87 2917 122 2977 6·
132 2911 226 2994 meda
234 2909 413 2973 monialibus
425 2909 577 2989 conjuncti
588 2929 596 2985 ;
607 2927 754 2991 pauperes
767 2909 817 2991 qui
832 2909 1053 2991 eleemosynam

88 3007 215 3084 petunt3
230 2999 332 3062 famuli
345 2998 391 3061 vel
412 2997 530 3060 lamulae
551 2997 603 3079 qui
618 2998 703 3076 iussu
723 2997 914 3061 dominomm
928 3018 1053 3064 suorum

89 3107 220 3152 munera
233 3087 277 3150 ad·
292 3087 437 3149 moniales
457 3086 613 3162 delerant;
630 3085 832 3149 Confessarius
851 3091 913 3148 tarn
935 3089 1054 3150 ordina·

90 3176 255 3258 nusquam
269 3173 529 3238 extraordinarius.
546 3175 698 3252 (Ferraria,
714 3175 768 3251 ib,
784 3175 823 3237 n¹¹
836 3179 866 3253 8,
881 3179 931 3244 37.
946 3179 1012 3256 38.)

131 3267 221 3328 6858.
244 3263 377 3345 Nigidior
393 3270 438 3326 est
455 3263 615 3344 probibitio
632 3262 730 3344 quoad
748 3263 902 3345 religiosos
917 3281 924 3324 :
940 3265 1053 3345 quippo

90 3359 247 3434 nequeunt
255 3353 321 3414 siue
331 3351 450 3414 licentia
458 3350 596 3432 Episcopi
610 3351 751 3414 accedere
760 3353 848 3415 ctiam
859 3351 894 3412 ad
908 3353 1051 3415 moniales
1143 3393 1147 3400 ·

89 3447 265 3523 exemptas,
289 3445 319 3502 et
341 3456 412 3503 cum
434 3437 603 3517 hujusmodi
625 3440 743 3503 licentia
763 3445 890 3522 possunt
909 3439 1051 3502 duntaxat

90 3537 199 3612 quater
211 3529 242 3590 in
256 3545 336 3591 anuo
355 3526 481 3590 invisere
502 3528 677 3607 conjunctas
695 3529 726 3590 in
745 3531 843 3610 primo
855 3535 907 3591 aut
919 3529 1050 3592 secundo
1094 3553 1096 3556 ’

89 3616 202 3700 gradu,
227 3623 310 3678 extra
336 3613 525 3692 Adventum,
546 3617 828 3700 Quadrups-simam,
851 3617 967 3679 Feriam
992 3619 1047 3696 Vt,

891 3723 902 3774 1
909 3716 958 3775 5*ss
