2450 3992
186 301 243 368 262
391 317 529 368 annuam
549 316 650 364 ronna
670 313 753 364 sums
775 311 925 368 canentur.

629 443 691 524 sl·
762 508 767 516 .

323 565 514 650 Proseusiones
535 575 565 630 et
583 575 663 630 ortes
682 570 701 631 d
721 563 997 634 clericis'uitundoe.

213 703 303 762 2057.
321 733 359 746 -
373 700 396 761 Ι.
412 696 515 761 Officia
528 717 597 779 quae
605 698 722 762 clericis
736 698 944 781 prohibentur,
961 705 1032 762 sunt
1040 698 1148 780 judicis

176 787 205 848 in
229 791 320 851 causa
339 787 512 869 sanguinis,
532 787 760 866 advocatorum,
776 787 973 852 tabellionum
993 807 1049 850 scu
1066 795 1148 851 nota-

175 876 304 953 riorum,
325 877 448 954 tutoris,
468 877 614 940 curatoris
627 883 679 940 aut
694 877 894 959 procuratoris
909 877 1109 959 pupillorum,
1123 885 1151 938 ct

176 965 397 1047 qualecumque
414 966 547 1028 officium
562 965 718 1028 ministerii
737 965 847 1047 publici
863 984 899 1028 ex
915 985 977 1047 quo
990 973 1152 1029 teneantur

176 1054 304 1117 rationes
331 1055 456 1118 reddere
478 1055 516 1117 de
535 1055 651 1136 justitia
674 1055 719 1118 vel
746 1053 784 1116 de
808 1052 895 1117 bonis
921 1054 1149 1118 administratis.

182 1164 196 1201 u
215 1144 311 1205 Nemo
325 1145 458 1206 militans
481 1147 543 1206 Deo
560 1167 590 1223 n,
615 1143 714 1226 inquit
729 1144 908 1224 Apostolus,
932 1144 1102 1225 «implicat
1122 1161 1152 1204 se

176 1253 191 1290 n
216 1233 344 1314 negotiis
358 1232 588 1296 secularibus.»
607 1235 636 1312 (2
651 1233 688 1296 ad
703 1233 905 1308 Timotheum,
917 1251 984 1316 cap.
1015 1236 1053 1306 ll.
1066 1253 1095 1295 v.
1111 1237 1150 1311 l.)

215 1323 304 1384 2058.
334 1323 463 1384 Possunt
493 1329 593 1384 tamen
628 1341 693 1384 esse
729 1321 986 1384 administratores
1016 1322 1151 1384 locorum

177 1413 308 1492 piorum,
325 1419 375 1474 aut
388 1411 486 1474 riduae
499 1418 551 1473 aut
566 1412 669 1494 pupilli
685 1411 862 1494 indigentis:
878 1429 915 1473 ex
930 1429 997 1493 cap.
1015 1411 1150 1474 Peruenit

178 1503 206 1579 l,
222 1519 249 1564 c.
266 1506 316 1579 bl,
328 1521 359 1584 q.
377 1505 439 1563 lac
453 1519 520 1584 cap.
532 1501 700 1563 iudicatum
713 1505 745 1576 5,
759 1498 828 1562 dist.
844 1504 894 1563 90.

215 1589 355 1654 lllicilum
368 1593 438 1654 verb
451 1597 496 1652 est
508 1589 626 1652 clericis
640 1589 880 1672 procurationem
895 1607 1000 1670 gerere
1015 1606 1151 1672 persono

177 1681 329 1743 saecularis
343 1681 462 1762 privatae
476 1699 536 1741 non
548 1679 740 1756 miserabilis,
752 1695 822 1740 cum
832 1678 1015 1759 obligatione
1024 1679 1152 1742 rationes

177 1768 322 1832 reddendi
338 1791 345 1831 :
361 1789 428 1852 cap.
445 1769 508 1832 Sed
518 1787 569 1832 nee
582 1775 622 1840 l,
638 1767 790 1830 neoterici
804 1767 850 1830 uel
862 1787 939 1830 mon.
955 1767 1034 1830 Vide
1055 1770 1087 1830 S.
1107 1767 1150 1828 Li·

178 1860 333 1939 gunnam,
357 1859 409 1920 lib.
426 1862 456 1936 3,
480 1869 514 1920 n⁰
527 1861 605 1935 838,
627 1859 679 1940 qui
702 1865 885 1920 tamennon
905 1856 993 1920 audet
1012 1855 1151 1918 minuare

177 1945 211 2008 dc
229 1947 352 2008 uwrtuli
371 1947 509 2009 clericum
529 1949 581 2030 qui
600 1947 634 2008 ob
656 1946 743 2008 tulcm
760 1948 998 2030 procurationem
1021 1967 1077 2009 arra
1098 1945 1150 2007 mi-

177 2034 301 2097 nisterio
323 2055 380 2096 non
394 2036 545 2118 negligit:
566 2036 694 2098 inarime
716 2035 743 2097 si
766 2033 799 2098 rd
816 2053 872 2095 non
886 2035 996 2117 fuceret
1015 2033 1151 2098 auun'lr'c

178 2122 276 2195 causti,
300 2122 351 2186 scd
362 2124 400 2186 ud
418 2125 565 2188 decentius
577 2133 686 2187 statum
700 2132 825 2187 muniet
838 2123 967 2204 familie
983 2141 1151 2187 conseruera-

177 2213 256 2275 dum.

217 2303 440 2366 Consuetudine
451 2309 552 2366 autem
566 2303 723 2366 inductum
735 2303 799 2379 luit,
810 2309 844 2366 ul
856 2302 957 2366 clerici
969 2301 1072 2366 officio
1082 2304 1152 2364 Can-

179 2390 308 2470 cellarii,
323 2393 506 2472 consiliarii,
522 2393 585 2455 imtl
599 2399 630 2455 et
639 2392 749 2472 judicis
764 2393 795 2454 in
806 2393 904 2455 causis
918 2390 1056 2455 ciuilibus
1070 2389 1150 2472 fungi

179 2482 304 2562 possint.
327 2482 403 2545 Vide
421 2483 451 2545 S.
473 2483 609 2565 lignun,
631 2481 683 2544 lib.
709 2487 739 2560 l,
760 2484 794 2543 n⁰
816 2484 891 2560 lau,
910 2487 940 2543 et
962 2480 1040 2543 dicta
1063 2497 1151 2563 supra

220 2667 331 2725 Auctor
342 2664 413 2725 verti
427 2660 561 2725 Proelect.
577 2661 612 2724 S.
628 2659 768 2743 Sulpitii,
785 2669 818 2721 n⁰
832 2662 901 2736 320,
922 2678 1008 2720 ouon
1020 2659 1149 2721 arbitru-

181 2771 194 2810 ο
220 2759 271 2812 tur
283 2751 464 2813 contrarium
485 2770 542 2814 esse
559 2749 725 2833 discipline
745 2749 995 2823 ecclesiasticum,
1015 2749 1041 2810 si
1056 2745 1149 2812 clerici

180 2863 194 2898 n
218 2841 348 2902 comitiis
379 2839 635 2922 municipiorum,
664 2845 715 2901 aut
748 2838 911 2922 provinciae
938 2839 1148 2912 interfuerint,

180 2953 194 2986 a
218 2929 311 2991 modo
325 2947 387 2991 non
400 2935 553 2992 assumant
567 2929 733 3011 gestionem
743 2945 846 2990 rerum
860 2928 1087 3010 temporalium,
1100 2941 1148 2989 uec

180 3040 195 3077 a
220 3019 404 3099 caeteroquin
418 3017 517 3080 desint
530 3018 634 3082 ciliciis
648 3017 778 3101 propriis
798 3017 843 3080 sui
858 3021 964 3079 status.
986 3039 1002 3078 o

219 3113 309 3171 9059.
326 3107 406 3185 Etsi,
422 3112 457 3169 ut
477 3105 630 3185 diximus,
645 3105 778 3170 cilicium
802 3105 1018 3169 advocatorum
1039 3103 1147 3171 clericis

180 3197 390 3281 prohibeatur,
405 3196 478 3279 ipsis
497 3201 599 3258 tamen
622 3196 767 3260 advocare
780 3195 849 3258 licet
866 3213 923 3278 pro
940 3197 1074 3260 Ecclesia
1086 3243 1093 3274 ,
1107 3189 1146 3257 rel

180 3305 236 3370 pro
262 3286 398 3370 personis
420 3285 591 3366 conjunctis
609 3285 686 3348 intra
708 3291 850 3367 quartum
873 3283 1081 3366 granonem
1098 3299 1147 3366 pro

180 3376 400 3440 miserabilibus
413 3377 565 3458 personis,
586 3375 729 3457 orphanis
743 3392 853 3456 nempe
866 3383 897 3436 et
913 3373 1012 3438 viduis
1029 3375 1083 3458 qui
1099 3371 1145 3432 de·

180 3465 331 3530 tensorem
346 3485 408 3530 non
419 3465 599 3528 invenirent.

220 3557 324 3618 Clerici
339 3563 440 3618 autem
463 3555 494 3616 in
516 3553 683 3616 minoribus
700 3554 781 3618 licite
798 3559 941 3638 possunt,
958 3553 989 3616 in
1003 3569 1146 3637 quocum-

181 3665 240 3730 que
253 3645 318 3708 lnro
329 3693 338 3724 ,
349 3663 455 3710 causas
467 3643 566 3708 civiles
578 3643 672 3719 tueri,
687 3649 717 3705 et
730 3643 820 3706 etiam
829 3643 889 3706 reis
903 3644 935 3706 in
949 3643 1146 3706 criminalibus

181 3735 372 3806 patrocinari.
396 3733 552 3799 hlomchis
564 3731 746 3814 permissum
763 3740 827 3815 eat,
841 3750 879 3796 ex
901 3733 1020 3798 licentia
1039 3725 1148 3796 malui
