2522 3992
477 237 563 286 enen
584 236 703 284 emuna.
988 221 1047 284 llll

72 337 268 420 praesumitur
277 333 449 415 huiusmodi
461 333 616 418 deputatio
628 356 635 398 :
647 343 720 400 tnnc
733 336 815 400 enirn
826 335 1045 419 unusquisque,

70 427 138 510 ipso
153 426 251 492 iacto.
268 425 429 508 deputatur
446 425 530 507 quasi
555 429 601 488 sui
624 424 717 507 ipsius
730 446 927 496 oeconomus,
943 425 1046 487 saltem

70 537 130 600 pro
144 515 285 579 omnibus
298 515 418 578 casibus
432 513 584 596 inquibus
599 534 660 577 troo
676 523 771 598 potest
786 515 887 580 baberi
902 515 940 577 ad
952 517 1047 597 Supe-

70 607 184 668 riorem
199 622 350 668 recursus.
380 603 488 677 licuit,
505 602 560 680 iu,
576 623 606 686 p.
623 607 783 683 areatat.)

113 699 203 758 asta.
225 693 311 759 Unde
325 698 392 775 post
411 692 655 775 suppressionem
674 694 821 758 ordinum
839 687 1048 776 religiosorum

70 781 258 848 eGubernio
279 781 387 846 iactam
408 779 439 843 in
454 781 565 858 Gallia,
587 800 668 845 anno
690 787 785 860 atat,
805 783 958 865 regulares
982 789 1048 844 roto

71 871 202 934 solemni
231 869 311 954 ligati
343 877 506 954 potuemnt
532 887 570 932 ex
597 871 716 936 licentia
738 875 878 954 expressa
902 871 948 932 vel
971 889 1048 953 prae·

71 965 195 1042 sumpta
209 961 423 1042 superiorum,
438 958 624 1023 baereditales
644 960 700 1023 sibi
719 961 913 1024 obvenientes
926 959 1049 1023 civiliter

71 1051 244 1132 nequivere,
260 1059 290 1111 et
302 1049 377 1112 alios
394 1057 581 1132 opportunos
600 1059 684 1114 actus
697 1068 856 1128 exercere,
872 1055 1049 1112 remanente

72 1157 183 1202 eorum
199 1138 394 1220 incapacitate
414 1145 443 1200 et
459 1139 549 1202 illaesa
563 1140 621 1202 voti
636 1141 836 1203 solemnitate.

113 1232 204 1291 257⁴.
220 1227 388 1290 Necobslat
402 1227 483 1309 qudd
494 1227 520 1290 vi
535 1229 808 1310 particularisjuris
820 1277 827 1302 ,
839 1227 943 1290 mortis
951 1247 1049 1309 nempe

72 1318 175 1380 civilis
199 1317 230 1378 in
252 1314 356 1381 Golia'd
380 1317 452 1380 olim
467 1316 610 1399 vigentis,
626 1319 705 1381 bona
720 1317 846 1399 regulari
861 1317 1049 1380 obvenientia

73 1425 137 1468 non
152 1405 188 1468 ad
205 1405 387 1468 monasteria
410 1405 625 1488 pertinuerint.
640 1406 693 1470 sed
716 1405 753 1469 ad
772 1424 824 1470 eos
846 1405 898 1487 qui
918 1423 955 1468 ea
976 1405 1050 1467 obti-

75 1513 150 1557 nere
169 1494 345 1556 debuissent
367 1494 390 1556 si
413 1493 571 1575 religiosus
592 1494 715 1558 obiisset
739 1505 808 1558 ante
828 1513 914 1558 suam
936 1495 1049 1576 proles-

76 1583 195 1644 sionem
212 1602 220 1644 :
236 1601 272 1645 ex
286 1601 347 1664 quo
362 1583 498 1664 sequitur
513 1586 694 1646 monasteria
715 1583 831 1647 nullum
854 1602 940 1666 posse
954 1583 1049 1665 depu-

75 1678 141 1734 tare
169 1689 224 1752 pro
248 1671 505 1734 administratione
527 1671 699 1751 hujusmodi
724 1674 874 1735 bonorum
891 1691 899 1734 t
918 1708 953 1717 -
972 1672 1048 1748 boc,

75 1761 247 1842 inquimus,
261 1779 322 1822 non
338 1760 451 1836 obstat;
465 1780 534 1824 nam
548 1762 604 1825 boc
615 1764 665 1842 jus
678 1763 857 1845 particulare
871 1761 1051 1843 religiososit

73 1851 143 1930 jure
166 1851 341 1926 communi,
357 1851 384 1912 vi
401 1851 488 1928 ouius
510 1853 612 1914 omnia
627 1852 761 1932 ipsorum
784 1850 863 1914 bona
881 1849 918 1912 ad
934 1869 1052 1914 monas·

74 1939 183 2002 terium
200 1939 369 2021 portinent,
386 1940 517 2002 eximere
532 1957 593 2002 non
608 1948 723 2022 poterat
737 1941 767 2002 iu
782 1939 976 2010 conscientit.
993 1940 1050 2002 nisi

75 2037 225 2110 quotenus
238 2028 277 2090 ab
295 2028 429 2090 Ecclesia
450 2027 546 2090 luerat
566 2029 764 2112 approbatum
784 2047 791 2091 :
809 2031 898 2112 porrd
919 2028 1051 2092 Ecclesia

75 2119 156 2180 certe
171 2116 242 2178 illud
258 2134 320 2178 non
343 2116 557 2199 approbaverat
581 2119 638 2179 nisi
654 2118 699 2180 lex
713 2118 807 2182 civilis
827 2117 954 2182 Ordines
977 2119 1050 2180 reli-

77 2208 176 2286 giosos
196 2215 371 2286 agnosceret
390 2223 486 2286 :ergo
510 2207 608 2269 statim
631 2225 667 2270 ac
694 2207 740 2270 lex
768 2207 862 2270 cirilla
887 2209 1051 2289 suppressit

77 2297 192 2358 Statum
208 2295 400 2376 religiosum,
419 2313 480 2356 non
495 2296 624 2378 amplius
638 2295 771 2359 Ecclesia
781 2296 955 2378 approbavit
968 2297 1050 2378 qudd

76 2383 155 2446 botta
170 2383 357 2464 regularibus
370 2383 560 2445 obvenientia
574 2384 612 2446 ad
626 2383 700 2446 alios
713 2387 804 2466 quarn
820 2384 857 2446 ad
872 2387 1051 2448 monasteria

77 2471 269 2554 pertinerent.
290 2475 367 2554 Ergo
382 2479 447 2554 post
467 2473 710 2554 suppressionem
730 2472 877 2536 Ordinem
897 2473 1049 2551 religioso-

77 2579 162 2632 rum,
179 2559 308 2642 religiosi
327 2561 357 2622 in
374 2561 467 2622 Gallie
482 2569 641 2644 potuerunt
660 2580 731 2625 cum
753 2565 892 2643 expresse
911 2561 954 2622 vel
975 2581 1050 2642 prae-

77 2651 195 2731 sumpta
204 2649 399 2730 superiorum
409 2667 533 2712 suornm
545 2650 672 2722 licentia,
686 2650 818 2732 legitime
828 2649 981 2729 acquirere
990 2651 1051 2712 haa-

76 2738 214 2800 reditates
223 2738 335 2800 eulalia
346 2739 487 2800 bonasibi
496 2738 698 2804 obvenientia.
711 2747 740 2800 et
753 2737 791 2798 de
807 2737 864 2799 illis
877 2737 1049 2819 disponere.

117 2829 206 2889 aaut.
228 2861 264 2874 -·
291 2831 323 2888 t‘·
348 2825 485 2907 Religiosi
510 2825 635 2907 dispersi
670 2827 811 2908 legitimis
833 2826 895 2890 suis
920 2827 1051 2892 Praelartis

78 2923 234 2978 remanent
247 2915 372 2994 subjecti
394 2923 422 2977 et
443 2914 554 2977 debent
567 2914 705 2993 obedire;
722 2916 796 2978 solet
811 2924 912 2979 tamen
927 2919 958 2980 S.
975 2919 1050 2983 Pon·

78 3003 162 3074 tilex,
184 3023 238 3085 pro
260 3003 454 3085 dispersionis
477 3010 628 3085 tempore,
644 3005 827 3088 Episcopum
845 3007 1049 3072 diaecesanum

79 3091 108 3158 to
128 3093 294 3174 legitimum
317 3093 475 3156 Praelatum
494 3094 538 3155 eis
558 3095 726 3175 assignare,
742 3096 793 3177 qui
815 3095 931 3159 delectu
953 3101 1048 3180 Supe-

79 3181 192 3244 riorunt
210 3199 262 3244 eos
277 3190 357 3264 regal
372 3191 401 3244 el
415 3181 572 3263 gubernet.
596 3183 665 3246 llaec
686 3191 855 3265 sequuntur
867 3205 903 3247 ex
917 3205 954 3248 eo
967 3187 1049 3269 quod

81 3271 199 3334 illorum
213 3279 280 3332 varta
295 3289 356 3335 non
373 3269 484 3333 luerint
496 3289 550 3352 per
563 3270 780 3353 dispersionem
790 3273 928 3336 extincta.

117 3359 204 3421 Nulla
227 3366 410 3440 potestesse
436 3359 594 3423 didicultas
622 3379 677 3442 pro
702 3369 772 3426 roto
799 3363 950 3428 castitalis.
975 3361 1050 3429 Vide

81 3447 193 3524 Βουικ,
208 3447 253 3510 De
268 3447 388 3528 Requi..
403 3458 478 3510 tom.
496 3453 525 3524 l,
540 3467 571 3532 p.
587 3452 658 3520 353.
