<?xml version="1.0" encoding="UTF-8"?>
<!DOCTYPE html PUBLIC "-//W3C//DTD XHTML 1.0 Transitional//EN"
    "http://www.w3.org/TR/xhtml1/DTD/xhtml1-transitional.dtd">
<html xmlns="http://www.w3.org/1999/xhtml" xml:lang="en" lang="en">
 <head>
  <title>
</title>
<meta http-equiv="Content-Type" content="text/html;charset=utf-8" />
  <meta name='ocr-system' content='tesseract 3.04.00' />
  <meta name='ocr-capabilities' content='ocr_page ocr_carea ocr_par ocr_line ocrx_word'/>
</head>
<body>
  <div class='ocr_page' id='page_1' title='image "./manualetotiusju01craigoog_0657.png"; bbox 0 0 2550 3992; ppageno 0'>
   <div class='ocr_carea' id='block_1_1' title="bbox 219 223 971 289">
    <p class='ocr_par' dir='ltr' id='par_1_1' title="bbox 219 223 971 289">
     <span class='ocr_line' id='line_1_1' title="bbox 219 223 971 289; baseline -0.003 -3"><span class='ocrx_word' id='word_1_1' title='bbox 219 223 277 289; x_wconf 83' lang='lat' dir='ltr'><strong>ata</strong></span> <span class='ocrx_word' id='word_1_2' title='bbox 438 241 577 288; x_wconf 77' lang='lat' dir='ltr'><strong>annuam</strong></span> <span class='ocrx_word' id='word_1_3' title='bbox 595 237 699 288; x_wconf 77' lang='lat' dir='ltr'><strong>runos</strong></span> <span class='ocrx_word' id='word_1_4' title='bbox 718 239 800 288; x_wconf 78' lang='lat' dir='ltr'><strong>runis</strong></span> <span class='ocrx_word' id='word_1_5' title='bbox 819 239 971 288; x_wconf 82' lang='lat' dir='ltr'><strong>cauourct.</strong></span> 
     </span>
    </p>
   </div>
   <div class='ocr_carea' id='block_1_2' title="bbox 220 339 1265 3008">
    <p class='ocr_par' dir='ltr' id='par_1_2' title="bbox 220 339 1203 514">
     <span class='ocr_line' id='line_1_2' title="bbox 256 339 1203 424; baseline -0.006 -19"><span class='ocrx_word' id='word_1_6' title='bbox 256 345 347 406; x_wconf 76' lang='lat'><strong>3239.</strong></span> <span class='ocrx_word' id='word_1_7' title='bbox 372 341 495 416; x_wconf 84' lang='lat' dir='ltr'><strong>Quaerit.</strong></span> <span class='ocrx_word' id='word_1_8' title='bbox 525 345 556 404; x_wconf 74' lang='lat'><strong>2⁰</strong></span> <span class='ocrx_word' id='word_1_9' title='bbox 579 343 626 403; x_wconf 80' lang='lat' dir='ltr'><strong>hn</strong></span> <span class='ocrx_word' id='word_1_10' title='bbox 651 347 682 404; x_wconf 89' lang='lat' dir='ltr'><strong>et</strong></span> <span class='ocrx_word' id='word_1_11' title='bbox 705 356 912 424; x_wconf 86' lang='lat' dir='ltr'><strong>quorumnam</strong></span> <span class='ocrx_word' id='word_1_12' title='bbox 932 339 1203 402; x_wconf 79' lang='lat' dir='ltr'><strong>sacramentorum</strong></span> 
     </span>
     <span class='ocr_line' id='line_1_3' title="bbox 220 430 670 514; baseline -0.007 -17"><span class='ocrx_word' id='word_1_13' title='bbox 220 449 345 514; x_wconf 80' lang='lat' dir='ltr'><strong>capaces</strong></span> <span class='ocrx_word' id='word_1_14' title='bbox 357 433 416 495; x_wconf 89' lang='lat' dir='ltr'><strong>sint</strong></span> <span class='ocrx_word' id='word_1_15' title='bbox 430 430 512 495; x_wconf 87' lang='lat' dir='ltr'><strong>surdi</strong></span> <span class='ocrx_word' id='word_1_16' title='bbox 526 437 556 492; x_wconf 93' lang='lat' dir='ltr'><strong>et</strong></span> <span class='ocrx_word' id='word_1_17' title='bbox 569 432 670 494; x_wconf 80' lang='lat' dir='ltr'><strong>muci</strong></span> 
     </span>
    </p>

    <p class='ocr_par' dir='ltr' id='par_1_3' title="bbox 221 517 1207 869">
     <span class='ocr_line' id='line_1_4' title="bbox 261 517 1203 604; baseline -0.005 -22"><span class='ocrx_word' id='word_1_18' title='bbox 261 523 351 604; x_wconf 85' lang='lat' dir='ltr'><strong>Resp.</strong></span> <span class='ocrx_word' id='word_1_19' title='bbox 368 521 419 583; x_wconf 89' lang='lat' dir='ltr'><strong>Vet</strong></span> <span class='ocrx_word' id='word_1_20' title='bbox 430 517 1113 600; x_wconf 77' lang='lat' dir='ltr'><strong>iuxtahndiernasmethodossuntedocti‚ret</strong></span> <span class='ocrx_word' id='word_1_21' title='bbox 1123 535 1203 580; x_wconf 84' lang='lat' dir='ltr'><strong>non:</strong></span> 
     </span>
     <span class='ocr_line' id='line_1_5' title="bbox 221 607 1206 692; baseline -0.007 -18"><span class='ocrx_word' id='word_1_22' title='bbox 221 611 245 674; x_wconf 86' lang='lat' dir='ltr'><strong>si</strong></span> <span class='ocrx_word' id='word_1_23' title='bbox 260 609 363 692; x_wconf 82' lang='lat' dir='ltr'><strong>prius,</strong></span> <span class='ocrx_word' id='word_1_24' title='bbox 378 617 506 692; x_wconf 83' lang='lat' dir='ltr'>possunt</span> <span class='ocrx_word' id='word_1_25' title='bbox 518 608 615 672; x_wconf 71' lang='lat' dir='ltr'><strong>aalide</strong></span> <span class='ocrx_word' id='word_1_26' title='bbox 630 609 765 691; x_wconf 85' lang='lat' dir='ltr'><strong>recipere</strong></span> <span class='ocrx_word' id='word_1_27' title='bbox 786 607 891 671; x_wconf 89' lang='lat' dir='ltr'><strong>ornnia</strong></span> <span class='ocrx_word' id='word_1_28' title='bbox 908 609 1104 670; x_wconf 72' lang='lat' dir='ltr'><strong>Sacramenta</strong></span> <span class='ocrx_word' id='word_1_29' title='bbox 1117 613 1206 688; x_wconf 87' lang='lat' dir='ltr'><strong>prout</strong></span> 
     </span>
     <span class='ocr_line' id='line_1_6' title="bbox 221 695 1207 778; baseline -0.007 -16"><span class='ocrx_word' id='word_1_30' title='bbox 221 700 319 762; x_wconf 80' lang='lat' dir='ltr'><strong>ceteri</strong></span> <span class='ocrx_word' id='word_1_31' title='bbox 351 699 509 775; x_wconf 85' lang='lat' dir='ltr'><strong>homines,</strong></span> <span class='ocrx_word' id='word_1_32' title='bbox 538 697 601 760; x_wconf 90' lang='lat' dir='ltr'><strong>imd</strong></span> <span class='ocrx_word' id='word_1_33' title='bbox 627 699 719 760; x_wconf 86' lang='lat' dir='ltr'><strong>etiam</strong></span> <span class='ocrx_word' id='word_1_34' title='bbox 748 697 832 758; x_wconf 71' lang='lat' dir='ltr'><strong>licite</strong></span> <span class='ocrx_word' id='word_1_35' title='bbox 857 715 893 760; x_wconf 90' lang='lat' dir='ltr'><strong>ea</strong></span> <span class='ocrx_word' id='word_1_36' title='bbox 913 697 1066 778; x_wconf 74' lang='lat' dir='ltr'><strong>recipere.</strong></span> <span class='ocrx_word' id='word_1_37' title='bbox 1091 695 1207 759; x_wconf 83' lang='lat' dir='ltr'><strong>Ordine</strong></span> 
     </span>
     <span class='ocr_line' id='line_1_7' title="bbox 222 785 1023 869; baseline -0.006 -18"><span class='ocrx_word' id='word_1_38' title='bbox 222 796 369 869; x_wconf 84' lang='lat' dir='ltr'><strong>excepto,</strong></span> <span class='ocrx_word' id='word_1_39' title='bbox 383 787 475 850; x_wconf 87' lang='lat' dir='ltr'><strong>nrodd</strong></span> <span class='ocrx_word' id='word_1_40' title='bbox 491 786 571 850; x_wconf 87' lang='lat' dir='ltr'><strong>nulia</strong></span> <span class='ocrx_word' id='word_1_41' title='bbox 586 787 645 850; x_wconf 89' lang='lat' dir='ltr'><strong>atia</strong></span> <span class='ocrx_word' id='word_1_42' title='bbox 659 785 781 848; x_wconf 89' lang='lat' dir='ltr'><strong>obstent</strong></span> <span class='ocrx_word' id='word_1_43' title='bbox 795 785 1023 868; x_wconf 84' lang='lat' dir='ltr'><strong>impedimenta.</strong></span> 
     </span>
    </p>

    <p class='ocr_par' dir='ltr' id='par_1_4' title="bbox 224 874 1207 1118">
     <span class='ocr_line' id='line_1_8' title="bbox 264 874 1207 959; baseline -0.002 -18"><span class='ocrx_word' id='word_1_44' title='bbox 264 881 353 941; x_wconf 72' lang='lat'><strong>3240.</strong></span> <span class='ocrx_word' id='word_1_45' title='bbox 370 877 400 939; x_wconf 88' lang='lat' dir='ltr'><strong>Si</strong></span> <span class='ocrx_word' id='word_1_46' title='bbox 412 878 560 959; x_wconf 82' lang='lat' dir='ltr'><strong>posterius</strong></span> <span class='ocrx_word' id='word_1_47' title='bbox 571 923 580 952; x_wconf 84' lang='grc'><em>,</em></span> <span class='ocrx_word' id='word_1_48' title='bbox 591 875 689 938; x_wconf 78' lang='lat' dir='ltr'><strong>aalide</strong></span> <span class='ocrx_word' id='word_1_49' title='bbox 702 875 746 936; x_wconf 85' lang='lat' dir='ltr'><strong>nis</strong></span> <span class='ocrx_word' id='word_1_50' title='bbox 755 882 786 938; x_wconf 87' lang='lat' dir='ltr'><strong>et</strong></span> <span class='ocrx_word' id='word_1_51' title='bbox 796 875 875 938; x_wconf 73' lang='lat' dir='ltr'><strong>licite</strong></span> <span class='ocrx_word' id='word_1_52' title='bbox 889 874 1020 937; x_wconf 78' lang='lat' dir='ltr'><strong>content</strong></span> <span class='ocrx_word' id='word_1_53' title='bbox 1034 881 1137 957; x_wconf 87' lang='lat' dir='ltr'><strong>potest</strong></span> <span class='ocrx_word' id='word_1_54' title='bbox 1153 877 1207 938; x_wconf 65' lang='lat' dir='ltr'><strong>Sa·⁴</strong></span> 
     </span>
     <span class='ocr_line' id='line_1_9' title="bbox 224 963 1207 1048; baseline -0.002 -17"><span class='ocrx_word' id='word_1_55' title='bbox 224 976 413 1031; x_wconf 70' lang='lat' dir='ltr'>crumentum</span> <span class='ocrx_word' id='word_1_56' title='bbox 435 965 596 1044; x_wconf 87' lang='lat' dir='ltr'><strong>Baptismi‚</strong></span> <span class='ocrx_word' id='word_1_57' title='bbox 611 965 717 1027; x_wconf 82' lang='lat' dir='ltr'><strong>saitem</strong></span> <span class='ocrx_word' id='word_1_58' title='bbox 730 965 774 1042; x_wconf 80' lang='lat' dir='ltr'><strong>si,</strong></span> <span class='ocrx_word' id='word_1_59' title='bbox 788 965 820 1026; x_wconf 93' lang='lat' dir='ltr'><strong>in</strong></span> <span class='ocrx_word' id='word_1_60' title='bbox 841 971 992 1046; x_wconf 90' lang='lat' dir='ltr'><strong>quantum</strong></span> <span class='ocrx_word' id='word_1_61' title='bbox 1007 963 1074 1028; x_wconf 88' lang='lat' dir='ltr'><strong>tieri</strong></span> <span class='ocrx_word' id='word_1_62' title='bbox 1088 971 1207 1048; x_wconf 75' lang='lat' dir='ltr'><strong>potest,</strong></span> 
     </span>
     <span class='ocr_line' id='line_1_10' title="bbox 226 1053 810 1118; baseline -0.003 0"><span class='ocrx_word' id='word_1_63' title='bbox 226 1055 392 1118; x_wconf 86' lang='lat' dir='ltr'><strong>doctrinam</strong></span> <span class='ocrx_word' id='word_1_64' title='bbox 406 1053 600 1117; x_wconf 86' lang='lat' dir='ltr'><strong>christianam</strong></span> <span class='ocrx_word' id='word_1_65' title='bbox 614 1053 810 1116; x_wconf 76' lang='lat' dir='ltr'><strong>edoceantur.</strong></span> 
     </span>
    </p>

    <p class='ocr_par' dir='ltr' id='par_1_5' title="bbox 227 1141 1210 1404">
     <span class='ocr_line' id='line_1_11' title="bbox 266 1141 1209 1215; baseline 0.001 -10"><span class='ocrx_word' id='word_1_66' title='bbox 266 1143 369 1215; x_wconf 81' lang='lat' dir='ltr'><strong>Quoad</strong></span> <span class='ocrx_word' id='word_1_67' title='bbox 384 1150 492 1206; x_wconf 86' lang='lat' dir='ltr'><strong>coetera</strong></span> <span class='ocrx_word' id='word_1_68' title='bbox 512 1149 700 1206; x_wconf 89' lang='lat' dir='ltr'><strong>sacramenta</strong></span> <span class='ocrx_word' id='word_1_69' title='bbox 716 1159 724 1203; x_wconf 78' lang='grc' dir='ltr'><strong><em>ε</em></strong></span> <span class='ocrx_word' id='word_1_70' title='bbox 739 1141 778 1205; x_wconf 92' lang='lat' dir='ltr'><strong>de</strong></span> <span class='ocrx_word' id='word_1_71' title='bbox 792 1141 986 1210; x_wconf 76' lang='lat' dir='ltr'><strong>Matrimonia</strong></span> <span class='ocrx_word' id='word_1_72' title='bbox 999 1143 1045 1206; x_wconf 90' lang='lat' dir='ltr'><strong>sic</strong></span> <span class='ocrx_word' id='word_1_73' title='bbox 1060 1141 1105 1206; x_wconf 88' lang='lat' dir='ltr'><strong>ait</strong></span> <span class='ocrx_word' id='word_1_74' title='bbox 1121 1145 1209 1206; x_wconf 86' lang='lat' dir='ltr'><strong>inno·</strong></span> 
     </span>
     <span class='ocr_line' id='line_1_12' title="bbox 227 1230 1210 1314; baseline 0.002 -20"><span class='ocrx_word' id='word_1_75' title='bbox 227 1232 344 1294; x_wconf 82' lang='lat' dir='ltr'><strong>centius</strong></span> <span class='ocrx_word' id='word_1_76' title='bbox 360 1233 397 1294; x_wconf 85' lang='lat' dir='ltr'><strong>ili</strong></span> <span class='ocrx_word' id='word_1_77' title='bbox 412 1233 493 1314; x_wconf 86' lang='lat' dir='ltr'><strong>(cap.</strong></span> <span class='ocrx_word' id='word_1_78' title='bbox 511 1231 585 1294; x_wconf 80' lang='lat' dir='ltr'><strong>Cum</strong></span> <span class='ocrx_word' id='word_1_79' title='bbox 599 1230 680 1314; x_wconf 85' lang='lat' dir='ltr'><strong>opud</strong></span> <span class='ocrx_word' id='word_1_80' title='bbox 691 1231 783 1294; x_wconf 80' lang='lat' dir='ltr'><strong>sedern</strong></span> <span class='ocrx_word' id='word_1_81' title='bbox 798 1235 837 1294; x_wconf 70' lang='lat'><strong>23</strong></span> <span class='ocrx_word' id='word_1_82' title='bbox 850 1278 860 1305; x_wconf 91' lang='lat'><em>,</em></span> <span class='ocrx_word' id='word_1_83' title='bbox 875 1230 910 1294; x_wconf 83' lang='lat' dir='ltr'><strong>de</strong></span> <span class='ocrx_word' id='word_1_84' title='bbox 922 1235 1051 1314; x_wconf 80' lang='lat' dir='ltr'><strong>spons.):</strong></span> <span class='ocrx_word' id='word_1_85' title='bbox 1066 1255 1084 1292; x_wconf 81' lang='lat' dir='ltr'><strong>a</strong></span> <span class='ocrx_word' id='word_1_86' title='bbox 1098 1234 1131 1296; x_wconf 90' lang='lat' dir='ltr'><strong>Si</strong></span> <span class='ocrx_word' id='word_1_87' title='bbox 1145 1234 1210 1296; x_wconf 84' lang='lat' dir='ltr'><strong>talis</strong></span> 
     </span>
     <span class='ocr_line' id='line_1_13' title="bbox 227 1318 1209 1404; baseline 0.003 -23"><span class='ocrx_word' id='word_1_88' title='bbox 227 1343 243 1381; x_wconf 76' lang='lat' dir='ltr'><strong>a</strong></span> <span class='ocrx_word' id='word_1_89' title='bbox 267 1318 340 1384; x_wconf 81' lang='lat' dir='ltr'><strong>uelit</strong></span> <span class='ocrx_word' id='word_1_90' title='bbox 354 1320 531 1384; x_wconf 83' lang='lat' dir='ltr'><strong>contrahere</strong></span> <span class='ocrx_word' id='word_1_91' title='bbox 540 1321 595 1384; x_wconf 89' lang='lat' dir='ltr'><strong>sibi</strong></span> <span class='ocrx_word' id='word_1_92' title='bbox 612 1339 674 1383; x_wconf 93' lang='lat' dir='ltr'><strong>non</strong></span> <span class='ocrx_word' id='word_1_93' title='bbox 688 1321 783 1403; x_wconf 89' lang='lat' dir='ltr'><strong>possit</strong></span> <span class='ocrx_word' id='word_1_94' title='bbox 792 1319 837 1382; x_wconf 86' lang='lat' dir='ltr'><strong>rel</strong></span> <span class='ocrx_word' id='word_1_95' title='bbox 853 1337 914 1381; x_wconf 90' lang='lat' dir='ltr'><strong>non</strong></span> <span class='ocrx_word' id='word_1_96' title='bbox 928 1319 1039 1382; x_wconf 87' lang='lat' dir='ltr'><strong>debeat</strong></span> <span class='ocrx_word' id='word_1_97' title='bbox 1050 1321 1209 1404; x_wconf 80' lang='lat' dir='ltr'><strong>denegari,</strong></span> 
     </span>
    </p>

    <p class='ocr_par' dir='ltr' id='par_1_6' title="bbox 228 1407 1190 1492">
     <span class='ocr_line' id='line_1_14' title="bbox 228 1407 1190 1492; baseline 0.001 -21"><span class='ocrx_word' id='word_1_98' title='bbox 228 1431 245 1471; x_wconf 76' lang='lat' dir='ltr'><strong>s</strong></span> <span class='ocrx_word' id='word_1_99' title='bbox 269 1411 340 1474; x_wconf 87' lang='lat' dir='ltr'><strong>citm</strong></span> <span class='ocrx_word' id='word_1_100' title='bbox 355 1409 437 1492; x_wconf 86' lang='lat' dir='ltr'><strong>quod</strong></span> <span class='ocrx_word' id='word_1_101' title='bbox 451 1410 549 1473; x_wconf 89' lang='lat' dir='ltr'><strong>verbis</strong></span> <span class='ocrx_word' id='word_1_102' title='bbox 564 1427 625 1471; x_wconf 91' lang='lat' dir='ltr'><strong>non</strong></span> <span class='ocrx_word' id='word_1_103' title='bbox 641 1415 757 1492; x_wconf 81' lang='lat' dir='ltr'><strong>potest,</strong></span> <span class='ocrx_word' id='word_1_104' title='bbox 772 1407 867 1491; x_wconf 78' lang='lat' dir='ltr'><strong>signis</strong></span> <span class='ocrx_word' id='word_1_105' title='bbox 880 1409 973 1472; x_wconf 87' lang='lat' dir='ltr'><strong>valeat</strong></span> <span class='ocrx_word' id='word_1_106' title='bbox 987 1409 1157 1475; x_wconf 85' lang='lat' dir='ltr'><strong>declarare.</strong></span> <span class='ocrx_word' id='word_1_107' title='bbox 1173 1435 1190 1472; x_wconf 78' lang='lat' dir='ltr'><strong>s</strong></span> 
     </span>
    </p>

    <p class='ocr_par' dir='ltr' id='par_1_7' title="bbox 230 1497 1265 3008">
     <span class='ocr_line' id='line_1_15' title="bbox 269 1497 1211 1583; baseline 0 -21"><span class='ocrx_word' id='word_1_108' title='bbox 269 1500 456 1582; x_wconf 90' lang='lat' dir='ltr'><strong>Supponitur</strong></span> <span class='ocrx_word' id='word_1_109' title='bbox 470 1498 560 1562; x_wconf 89' lang='lat' dir='ltr'><strong>etiam</strong></span> <span class='ocrx_word' id='word_1_110' title='bbox 574 1497 754 1582; x_wconf 79' lang='lat' dir='ltr'><strong>aplerisque</strong></span> <span class='ocrx_word' id='word_1_111' title='bbox 765 1500 827 1561; x_wconf 86' lang='lat' dir='ltr'><strong>uu.</strong></span> <span class='ocrx_word' id='word_1_112' title='bbox 839 1498 897 1560; x_wconf 91' lang='lat' dir='ltr'><strong>alia</strong></span> <span class='ocrx_word' id='word_1_113' title='bbox 910 1500 1110 1562; x_wconf 87' lang='lat' dir='ltr'><strong>Sacramenta</strong></span> <span class='ocrx_word' id='word_1_114' title='bbox 1124 1519 1211 1583; x_wconf 80' lang='lat' dir='ltr'><strong>posse</strong></span> 
     </span>
     <span class='ocr_line' id='line_1_16' title="bbox 230 1585 1210 1672; baseline 0 -20"><span class='ocrx_word' id='word_1_115' title='bbox 230 1588 329 1653; x_wconf 89' lang='lat' dir='ltr'><strong>surdis</strong></span> <span class='ocrx_word' id='word_1_116' title='bbox 342 1597 372 1652; x_wconf 90' lang='lat' dir='ltr'><strong>et</strong></span> <span class='ocrx_word' id='word_1_117' title='bbox 386 1590 478 1652; x_wconf 89' lang='lat' dir='ltr'><strong>rnutis</strong></span> <span class='ocrx_word' id='word_1_118' title='bbox 495 1587 719 1664; x_wconf 86' lang='lat' dir='ltr'><strong>administrari,</strong></span> <span class='ocrx_word' id='word_1_119' title='bbox 738 1585 764 1650; x_wconf 89' lang='lat' dir='ltr'><strong>si</strong></span> <span class='ocrx_word' id='word_1_120' title='bbox 786 1587 819 1650; x_wconf 92' lang='lat' dir='ltr'><strong>in</strong></span> <span class='ocrx_word' id='word_1_121' title='bbox 836 1587 882 1650; x_wconf 88' lang='lat' dir='ltr'><strong>eis</strong></span> <span class='ocrx_word' id='word_1_122' title='bbox 899 1596 1066 1670; x_wconf 78' lang='lat' dir='ltr'><strong>appareant</strong></span> <span class='ocrx_word' id='word_1_123' title='bbox 1085 1589 1210 1672; x_wconf 86' lang='lat' dir='ltr'><strong>disposi-</strong></span> 
     </span>
     <span class='ocr_line' id='line_1_17' title="bbox 230 1676 1211 1759; baseline -0.001 -18"><span class='ocrx_word' id='word_1_124' title='bbox 230 1681 328 1741; x_wconf 85' lang='lat' dir='ltr'><strong>tiones</strong></span> <span class='ocrx_word' id='word_1_125' title='bbox 352 1678 522 1759; x_wconf 78' lang='lat' dir='ltr'><strong>requisitae,</strong></span> <span class='ocrx_word' id='word_1_126' title='bbox 545 1683 597 1739; x_wconf 90' lang='lat' dir='ltr'><strong>aut</strong></span> <span class='ocrx_word' id='word_1_127' title='bbox 619 1676 694 1738; x_wconf 86' lang='lat' dir='ltr'><strong>nihil</strong></span> <span class='ocrx_word' id='word_1_128' title='bbox 716 1683 860 1759; x_wconf 86' lang='lat' dir='ltr'><strong>appareat</strong></span> <span class='ocrx_word' id='word_1_129' title='bbox 883 1694 946 1758; x_wconf 84' lang='lat' dir='ltr'><strong>quo</strong></span> <span class='ocrx_word' id='word_1_130' title='bbox 965 1676 1125 1756; x_wconf 75' lang='lat' dir='ltr'><strong>iudicandi</strong></span> <span class='ocrx_word' id='word_1_131' title='bbox 1153 1683 1211 1742; x_wconf 87' lang='lat' dir='ltr'><strong>sint</strong></span> 
     </span>
     <span class='ocr_line' id='line_1_18' title="bbox 232 1765 1211 1851; baseline 0.001 -21"><span class='ocrx_word' id='word_1_132' title='bbox 232 1767 415 1849; x_wconf 90' lang='lat' dir='ltr'><strong>indispositi;</strong></span> <span class='ocrx_word' id='word_1_133' title='bbox 434 1765 485 1829; x_wconf 90' lang='lat' dir='ltr'><strong>sed</strong></span> <span class='ocrx_word' id='word_1_134' title='bbox 502 1765 543 1828; x_wconf 90' lang='lat' dir='ltr'><strong>itti</strong></span> <span class='ocrx_word' id='word_1_135' title='bbox 557 1767 619 1826; x_wconf 86' lang='lat' dir='ltr'><strong>DD.</strong></span> <span class='ocrx_word' id='word_1_136' title='bbox 637 1765 698 1827; x_wconf 80' lang='lat' dir='ltr'><strong>tere</strong></span> <span class='ocrx_word' id='word_1_137' title='bbox 719 1783 827 1828; x_wconf 89' lang='lat' dir='ltr'><strong>omnes</strong></span> <span class='ocrx_word' id='word_1_138' title='bbox 839 1765 986 1845; x_wconf 79' lang='lat' dir='ltr'><strong>scripsere</strong></span> <span class='ocrx_word' id='word_1_139' title='bbox 999 1775 1070 1828; x_wconf 86' lang='lat' dir='ltr'><strong>ante</strong></span> <span class='ocrx_word' id='word_1_140' title='bbox 1091 1775 1211 1851; x_wconf 87' lang='lat' dir='ltr'><strong>tempus</strong></span> 
     </span>
     <span class='ocr_line' id='line_1_19' title="bbox 230 1853 1212 1940; baseline 0 -20"><span class='ocrx_word' id='word_1_141' title='bbox 230 1875 295 1940; x_wconf 82' lang='lat' dir='ltr'><strong>quo</strong></span> <span class='ocrx_word' id='word_1_142' title='bbox 315 1855 460 1918; x_wconf 88' lang='lat' dir='ltr'><strong>moderna</strong></span> <span class='ocrx_word' id='word_1_143' title='bbox 487 1854 594 1918; x_wconf 88' lang='lat' dir='ltr'><strong>surdos</strong></span> <span class='ocrx_word' id='word_1_144' title='bbox 616 1862 646 1916; x_wconf 92' lang='lat' dir='ltr'><strong>et</strong></span> <span class='ocrx_word' id='word_1_145' title='bbox 669 1863 769 1917; x_wconf 90' lang='lat' dir='ltr'><strong>mutos</strong></span> <span class='ocrx_word' id='word_1_146' title='bbox 791 1853 936 1916; x_wconf 74' lang='lat' dir='ltr'><strong>edocendi</strong></span> <span class='ocrx_word' id='word_1_147' title='bbox 966 1855 1130 1920; x_wconf 72' lang='lat' dir='ltr'><strong>methodus</strong></span> <span class='ocrx_word' id='word_1_148' title='bbox 1157 1859 1212 1921; x_wconf 85' lang='lat' dir='ltr'><strong>tuit</strong></span> 
     </span>
     <span class='ocr_line' id='line_1_20' title="bbox 233 1943 1265 2028; baseline 0.002 -20"><span class='ocrx_word' id='word_1_149' title='bbox 233 1947 370 2022; x_wconf 85' lang='lat' dir='ltr'><strong>inventa;</strong></span> <span class='ocrx_word' id='word_1_150' title='bbox 384 1947 473 2028; x_wconf 84' lang='lat' dir='ltr'><strong>porrd</strong></span> <span class='ocrx_word' id='word_1_151' title='bbox 484 1945 586 2007; x_wconf 83' lang='lat' dir='ltr'><strong>multis</strong></span> <span class='ocrx_word' id='word_1_152' title='bbox 597 1952 735 2006; x_wconf 88' lang='lat' dir='ltr'><strong>constare</strong></span> <span class='ocrx_word' id='word_1_153' title='bbox 745 1943 863 2007; x_wconf 87' lang='lat' dir='ltr'><strong>videtur</strong></span> <span class='ocrx_word' id='word_1_154' title='bbox 875 1945 1092 2026; x_wconf 72' lang='lat' dir='ltr'><strong>experimentis</strong></span> <span class='ocrx_word' id='word_1_155' title='bbox 1105 1947 1209 2010; x_wconf 86' lang='lat' dir='ltr'><strong>surtios</strong></span> <span class='ocrx_word' id='word_1_156' title='bbox 1264 1959 1265 1969; x_wconf 50' lang='lat'>³</span> 
     </span>
     <span class='ocr_line' id='line_1_21' title="bbox 232 2032 1210 2113; baseline 0.001 -16"><span class='ocrx_word' id='word_1_157' title='bbox 232 2042 262 2097; x_wconf 88' lang='lat' dir='ltr'><strong>et</strong></span> <span class='ocrx_word' id='word_1_158' title='bbox 277 2041 391 2107; x_wconf 91' lang='lat' dir='ltr'><strong>mutos,</strong></span> <span class='ocrx_word' id='word_1_159' title='bbox 407 2036 458 2113; x_wconf 85' lang='lat' dir='ltr'><strong>qui</strong></span> <span class='ocrx_word' id='word_1_160' title='bbox 475 2032 530 2094; x_wconf 83' lang='lat' dir='ltr'><strong>hdo</strong></span> <span class='ocrx_word' id='word_1_161' title='bbox 551 2037 627 2095; x_wconf 80' lang='lat' dir='ltr'><strong>nora</strong></span> <span class='ocrx_word' id='word_1_162' title='bbox 648 2033 790 2095; x_wconf 86' lang='lat' dir='ltr'><strong>methodo</strong></span> <span class='ocrx_word' id='word_1_163' title='bbox 815 2051 876 2094; x_wconf 93' lang='lat' dir='ltr'><strong>non</strong></span> <span class='ocrx_word' id='word_1_164' title='bbox 898 2033 1081 2110; x_wconf 84' lang='lat' dir='ltr'><strong>edocentur,</strong></span> <span class='ocrx_word' id='word_1_165' title='bbox 1098 2037 1210 2099; x_wconf 86' lang='lat' dir='ltr'><strong>nuttam</strong></span> 
     </span>
     <span class='ocr_line' id='line_1_22' title="bbox 233 2121 1211 2204; baseline 0.005 -20"><span class='ocrx_word' id='word_1_166' title='bbox 233 2123 344 2184; x_wconf 85' lang='lat' dir='ltr'><strong>hahere</strong></span> <span class='ocrx_word' id='word_1_167' title='bbox 373 2139 474 2184; x_wconf 88' lang='lat' dir='ltr'><strong>veram</strong></span> <span class='ocrx_word' id='word_1_168' title='bbox 497 2123 548 2183; x_wconf 86' lang='lat' dir='ltr'><strong>Dei</strong></span> <span class='ocrx_word' id='word_1_169' title='bbox 572 2141 608 2185; x_wconf 90' lang='lat' dir='ltr'><strong>ac</strong></span> <span class='ocrx_word' id='word_1_170' title='bbox 633 2121 806 2204; x_wconf 80' lang='lat' dir='ltr'><strong>regularum</strong></span> <span class='ocrx_word' id='word_1_171' title='bbox 826 2139 947 2202; x_wconf 87' lang='lat' dir='ltr'><strong>morum</strong></span> <span class='ocrx_word' id='word_1_172' title='bbox 969 2125 1127 2202; x_wconf 83' lang='lat' dir='ltr'><strong>notitiam,</strong></span> <span class='ocrx_word' id='word_1_173' title='bbox 1142 2137 1171 2188; x_wconf 87' lang='lat' dir='ltr'><strong>et</strong></span> <span class='ocrx_word' id='word_1_174' title='bbox 1194 2145 1211 2188; x_wconf 85' lang='lat' dir='ltr'><strong>a</strong></span> 
     </span>
     <span class='ocr_line' id='line_1_23' title="bbox 233 2205 1264 2294; baseline 0.004 -20"><span class='ocrx_word' id='word_1_175' title='bbox 233 2211 347 2274; x_wconf 86' lang='lat' dir='ltr'><strong>tortiori</strong></span> <span class='ocrx_word' id='word_1_176' title='bbox 372 2229 433 2272; x_wconf 92' lang='lat' dir='ltr'><strong>non</strong></span> <span class='ocrx_word' id='word_1_177' title='bbox 460 2211 617 2291; x_wconf 82' lang='lat' dir='ltr'><strong>peruenire</strong></span> <span class='ocrx_word' id='word_1_178' title='bbox 643 2211 682 2274; x_wconf 88' lang='lat' dir='ltr'><strong>ad</strong></span> <span class='ocrx_word' id='word_1_179' title='bbox 709 2211 913 2292; x_wconf 77' lang='lat' dir='ltr'><strong>cognitionem</strong></span> <span class='ocrx_word' id='word_1_180' title='bbox 941 2215 1156 2294; x_wconf 79' lang='lat' dir='ltr'><strong>mysteriorum</strong></span> <span class='ocrx_word' id='word_1_181' title='bbox 1183 2222 1212 2278; x_wconf 86' lang='lat' dir='ltr'><strong>et</strong></span> <span class='ocrx_word' id='word_1_182' title='bbox 1263 2205 1264 2239; x_wconf 64' lang='lat'>³</span> 
     </span>
     <span class='ocr_line' id='line_1_24' title="bbox 234 2299 1212 2384; baseline 0.006 -22"><span class='ocrx_word' id='word_1_183' title='bbox 234 2299 391 2362; x_wconf 88' lang='lat' dir='ltr'><strong>veritatum</strong></span> <span class='ocrx_word' id='word_1_184' title='bbox 405 2301 679 2380; x_wconf 82' lang='lat' dir='ltr'><strong>supernaturalium</strong></span> <span class='ocrx_word' id='word_1_185' title='bbox 690 2321 698 2377; x_wconf 92' lang='grc'><strong>;</strong></span> <span class='ocrx_word' id='word_1_186' title='bbox 710 2299 837 2382; x_wconf 87' lang='lat' dir='ltr'><strong>proinde</strong></span> <span class='ocrx_word' id='word_1_187' title='bbox 852 2301 918 2363; x_wconf 83' lang='lat' dir='ltr'><strong>ilios</strong></span> <span class='ocrx_word' id='word_1_188' title='bbox 929 2319 989 2363; x_wconf 92' lang='lat' dir='ltr'><strong>non</strong></span> <span class='ocrx_word' id='word_1_189' title='bbox 1002 2321 1092 2384; x_wconf 88' lang='lat' dir='ltr'><strong>posse</strong></span> <span class='ocrx_word' id='word_1_190' title='bbox 1103 2304 1212 2368; x_wconf 86' lang='lat' dir='ltr'><strong>hahere</strong></span> 
     </span>
     <span class='ocr_line' id='line_1_25' title="bbox 234 2388 1212 2472; baseline 0.004 -18"><span class='ocrx_word' id='word_1_191' title='bbox 234 2389 329 2454; x_wconf 91' lang='lat' dir='ltr'><strong>uttam</strong></span> <span class='ocrx_word' id='word_1_192' title='bbox 350 2389 535 2451; x_wconf 81' lang='lat' dir='ltr'><strong>voluntatem</strong></span> <span class='ocrx_word' id='word_1_193' title='bbox 555 2388 721 2452; x_wconf 88' lang='lat' dir='ltr'><strong>humanam</strong></span> <span class='ocrx_word' id='word_1_194' title='bbox 740 2388 904 2472; x_wconf 86' lang='lat' dir='ltr'><strong>recipiendi</strong></span> <span class='ocrx_word' id='word_1_195' title='bbox 925 2392 1141 2470; x_wconf 85' lang='lat' dir='ltr'><strong>Sacramenta,</strong></span> <span class='ocrx_word' id='word_1_196' title='bbox 1160 2413 1212 2459; x_wconf 85' lang='lat' dir='ltr'><strong>nec</strong></span> 
     </span>
     <span class='ocr_line' id='line_1_26' title="bbox 235 2476 1263 2564; baseline 0.003 -22"><span class='ocrx_word' id='word_1_197' title='bbox 235 2478 445 2560; x_wconf 87' lang='lat' dir='ltr'><strong>dispositiones</strong></span> <span class='ocrx_word' id='word_1_198' title='bbox 471 2479 653 2542; x_wconf 68' lang='lat' dir='ltr'><strong>necessarias</strong></span> <span class='ocrx_word' id='word_1_199' title='bbox 678 2476 716 2541; x_wconf 89' lang='lat' dir='ltr'><strong>ad</strong></span> <span class='ocrx_word' id='word_1_200' title='bbox 740 2478 790 2540; x_wconf 90' lang='lat' dir='ltr'><strong>itta</strong></span> <span class='ocrx_word' id='word_1_201' title='bbox 813 2496 886 2542; x_wconf 91' lang='lat' dir='ltr'><strong>cum</strong></span> <span class='ocrx_word' id='word_1_202' title='bbox 914 2478 1011 2542; x_wconf 82' lang='lat' dir='ltr'><strong>tractu</strong></span> <span class='ocrx_word' id='word_1_203' title='bbox 1040 2481 1213 2564; x_wconf 82' lang='lat' dir='ltr'><strong>recipienda</strong></span> <span class='ocrx_word' id='word_1_204' title='bbox 1262 2485 1263 2511; x_wconf 66' lang='lat'>¹</span> 
     </span>
     <span class='ocr_line' id='line_1_27' title="bbox 236 2566 1213 2649; baseline 0.003 -18"><span class='ocrx_word' id='word_1_205' title='bbox 236 2567 504 2649; x_wconf 65' lang='lat' dir='ltr'><strong>(videhtontaigne</strong></span> <span class='ocrx_word' id='word_1_206' title='bbox 515 2567 691 2629; x_wconf 80' lang='lat' dir='ltr'><strong>Becherches</strong></span> <span class='ocrx_word' id='word_1_207' title='bbox 700 2587 753 2630; x_wconf 81' lang='lat' dir='ltr'><strong>sur</strong></span> <span class='ocrx_word' id='word_1_208' title='bbox 766 2566 806 2628; x_wconf 82' lang='lat' dir='ltr'><strong>les</strong></span> <span class='ocrx_word' id='word_1_209' title='bbox 817 2567 919 2630; x_wconf 72' lang='lat' dir='ltr'><strong>sucu</strong></span> <span class='ocrx_word' id='word_1_210' title='bbox 932 2575 961 2631; x_wconf 87' lang='lat' dir='ltr'><strong>et</strong></span> <span class='ocrx_word' id='word_1_211' title='bbox 971 2571 1090 2648; x_wconf 72' lang='lat' dir='ltr'><strong>macta).</strong></span> <span class='ocrx_word' id='word_1_212' title='bbox 1106 2573 1213 2634; x_wconf 83' lang='lat' dir='ltr'><strong>Nihito</strong></span> 
     </span>
     <span class='ocr_line' id='line_1_28' title="bbox 236 2655 1213 2738; baseline 0.004 -18"><span class='ocrx_word' id='word_1_213' title='bbox 236 2660 339 2722; x_wconf 91' lang='lat' dir='ltr'><strong>minus</strong></span> <span class='ocrx_word' id='word_1_214' title='bbox 353 2657 469 2719; x_wconf 83' lang='lat' dir='ltr'><strong>Rituute</strong></span> <span class='ocrx_word' id='word_1_215' title='bbox 488 2657 651 2719; x_wconf 86' lang='lat' dir='ltr'><strong>Betticense</strong></span> <span class='ocrx_word' id='word_1_216' title='bbox 665 2656 696 2719; x_wconf 94' lang='lat' dir='ltr'><strong>in</strong></span> <span class='ocrx_word' id='word_1_217' title='bbox 720 2655 782 2718; x_wconf 88' lang='lat' dir='ltr'><strong>tino</strong></span> <span class='ocrx_word' id='word_1_218' title='bbox 794 2657 868 2718; x_wconf 79' lang='lat' dir='ltr'><strong>tund</strong></span> <span class='ocrx_word' id='word_1_219' title='bbox 887 2657 994 2738; x_wconf 86' lang='lat' dir='ltr'><strong>primi,</strong></span> <span class='ocrx_word' id='word_1_220' title='bbox 1013 2659 1167 2724; x_wconf 87' lang='lat' dir='ltr'><strong>existimat</strong></span> <span class='ocrx_word' id='word_1_221' title='bbox 1182 2663 1213 2724; x_wconf 87' lang='lat' dir='ltr'><strong>iis</strong></span> 
     </span>
     <span class='ocr_line' id='line_1_29' title="bbox 236 2715 1262 2830; baseline 0.004 -19"><span class='ocrx_word' id='word_1_222' title='bbox 236 2765 325 2830; x_wconf 88' lang='lat' dir='ltr'><strong>posse</strong></span> <span class='ocrx_word' id='word_1_223' title='bbox 338 2745 467 2810; x_wconf 79' lang='lat' dir='ltr'><strong>conferri</strong></span> <span class='ocrx_word' id='word_1_224' title='bbox 478 2753 664 2808; x_wconf 88' lang='lat' dir='ltr'><strong>sacramenta</strong></span> <span class='ocrx_word' id='word_1_225' title='bbox 677 2745 921 2808; x_wconf 82' lang='lat' dir='ltr'><strong>Confirmationis</strong></span> <span class='ocrx_word' id='word_1_226' title='bbox 934 2747 1084 2812; x_wconf 86' lang='lat' dir='ltr'><strong>scilicetet</strong></span> <span class='ocrx_word' id='word_1_227' title='bbox 1104 2752 1212 2814; x_wconf 83' lang='lat' dir='ltr'><strong>Eucha-</strong></span> <span class='ocrx_word' id='word_1_228' title='bbox 1261 2715 1262 2783; x_wconf 46' lang='lat' dir='ltr'><strong>i</strong></span> 
     </span>
     <span class='ocr_line' id='line_1_30' title="bbox 236 2833 1212 2920; baseline -0.002 -18"><span class='ocrx_word' id='word_1_229' title='bbox 236 2837 343 2912; x_wconf 80' lang='lat' dir='ltr'><strong>risttae,</strong></span> <span class='ocrx_word' id='word_1_230' title='bbox 354 2835 595 2918; x_wconf 77' lang='lat' dir='ltr'><strong>queantiquiths</strong></span> <span class='ocrx_word' id='word_1_231' title='bbox 604 2838 645 2912; x_wconf 83' lang='lat' dir='ltr'><strong>(et</strong></span> <span class='ocrx_word' id='word_1_232' title='bbox 658 2833 757 2898; x_wconf 88' lang='lat' dir='ltr'><strong>adhuc</strong></span> <span class='ocrx_word' id='word_1_233' title='bbox 766 2833 855 2897; x_wconf 87' lang='lat' dir='ltr'><strong>hodie</strong></span> <span class='ocrx_word' id='word_1_234' title='bbox 870 2837 900 2897; x_wconf 89' lang='lat' dir='ltr'><strong>in</strong></span> <span class='ocrx_word' id='word_1_235' title='bbox 914 2837 1045 2900; x_wconf 76' lang='lat' dir='ltr'><strong>Ecclesia</strong></span> <span class='ocrx_word' id='word_1_236' title='bbox 1059 2839 1212 2920; x_wconf 79' lang='lat' dir='ltr'><strong>orientur]</strong></span> 
     </span>
     <span class='ocr_line' id='line_1_31' title="bbox 237 2923 1212 3008; baseline 0.006 -20"><span class='ocrx_word' id='word_1_237' title='bbox 237 2926 340 3008; x_wconf 86' lang='lat' dir='ltr'><strong>pueris</strong></span> <span class='ocrx_word' id='word_1_238' title='bbox 361 2923 648 2987; x_wconf 87' lang='lat' dir='ltr'><strong>administrabantur</strong></span> <span class='ocrx_word' id='word_1_239' title='bbox 666 2941 675 2985; x_wconf 90' lang='lat'><strong>:</strong></span> <span class='ocrx_word' id='word_1_240' title='bbox 698 2923 908 2986; x_wconf 75' lang='lat' dir='ltr'><strong>Paenitentiam</strong></span> <span class='ocrx_word' id='word_1_241' title='bbox 930 2933 1032 2989; x_wconf 87' lang='lat' dir='ltr'><strong>autem</strong></span> <span class='ocrx_word' id='word_1_242' title='bbox 1055 2935 1087 2990; x_wconf 85' lang='lat' dir='ltr'><strong>et</strong></span> <span class='ocrx_word' id='word_1_243' title='bbox 1110 2931 1212 2994; x_wconf 79' lang='lat' dir='ltr'><strong>Extra·</strong></span> 
     </span>
    </p>
   </div>
   <div class='ocr_carea' id='block_1_3' title="bbox 238 2981 1261 3544">
    <p class='ocr_par' dir='ltr' id='par_1_8' title="bbox 238 2981 1261 3597">
     <span class='ocr_line' id='line_1_32' title="bbox 238 2981 1261 3096; baseline 0.006 -20"><span class='ocrx_word' id='word_1_244' title='bbox 238 3014 514 3076; x_wconf 86' lang='lat' dir='ltr'><strong>mam-Unctionem</strong></span> <span class='ocrx_word' id='word_1_245' title='bbox 536 3011 608 3075; x_wconf 90' lang='lat' dir='ltr'><strong>dicit</strong></span> <span class='ocrx_word' id='word_1_246' title='bbox 621 3012 665 3076; x_wconf 89' lang='lat' dir='ltr'><strong>eis</strong></span> <span class='ocrx_word' id='word_1_247' title='bbox 678 3013 807 3076; x_wconf 88' lang='lat' dir='ltr'><strong>conterri</strong></span> <span class='ocrx_word' id='word_1_248' title='bbox 830 3031 918 3096; x_wconf 82' lang='lat' dir='ltr'><strong>posse</strong></span> <span class='ocrx_word' id='word_1_249' title='bbox 937 3013 994 3076; x_wconf 88' lang='lat' dir='ltr'><strong>suh</strong></span> <span class='ocrx_word' id='word_1_250' title='bbox 1013 3016 1211 3081; x_wconf 83' lang='lat' dir='ltr'><strong>conditione:</strong></span> <span class='ocrx_word' id='word_1_251' title='bbox 1260 2981 1261 3055; x_wconf 53' lang='lat' dir='ltr'><strong>i</strong></span> 
     </span>
     <span class='ocr_line' id='line_1_33' title="bbox 238 3098 1214 3184; baseline 0.007 -20"><span class='ocrx_word' id='word_1_252' title='bbox 238 3098 339 3184; x_wconf 89' lang='lat' dir='ltr'><strong>quoad</strong></span> <span class='ocrx_word' id='word_1_253' title='bbox 359 3101 587 3164; x_wconf 86' lang='lat' dir='ltr'><strong>matrimonium</strong></span> <span class='ocrx_word' id='word_1_254' title='bbox 604 3103 676 3165; x_wconf 88' lang='lat' dir='ltr'><strong>verd</strong></span> <span class='ocrx_word' id='word_1_255' title='bbox 693 3103 893 3184; x_wconf 77' lang='lat' dir='ltr'><strong>questionem</strong></span> <span class='ocrx_word' id='word_1_256' title='bbox 915 3103 1007 3166; x_wconf 65' lang='lat' dir='ltr'><strong>tuias</strong></span> <span class='ocrx_word' id='word_1_257' title='bbox 1021 3106 1156 3170; x_wconf 83' lang='lat' dir='ltr'><strong>solutam</strong></span> <span class='ocrx_word' id='word_1_258' title='bbox 1178 3109 1214 3170; x_wconf 84' lang='lat' dir='ltr'><strong>ab</strong></span> 
     </span>
     <span class='ocr_line' id='line_1_34' title="bbox 238 3190 1260 3270; baseline 0.008 -18"><span class='ocrx_word' id='word_1_259' title='bbox 238 3193 394 3252; x_wconf 89' lang='lat' dir='ltr'><strong>lnnocent.</strong></span> <span class='ocrx_word' id='word_1_260' title='bbox 412 3190 448 3250; x_wconf 92' lang='lat' dir='ltr'><strong>ttt</strong></span> <span class='ocrx_word' id='word_1_261' title='bbox 462 3207 554 3270; x_wconf 90' lang='lat' dir='ltr'><strong>supra</strong></span> <span class='ocrx_word' id='word_1_262' title='bbox 568 3191 676 3268; x_wconf 87' lang='lat' dir='ltr'><strong>retato;</strong></span> <span class='ocrx_word' id='word_1_263' title='bbox 694 3191 746 3253; x_wconf 88' lang='lat' dir='ltr'><strong>sed</strong></span> <span class='ocrx_word' id='word_1_264' title='bbox 761 3208 823 3255; x_wconf 89' lang='lat' dir='ltr'><strong>nou</strong></span> <span class='ocrx_word' id='word_1_265' title='bbox 837 3192 928 3257; x_wconf 85' lang='lat' dir='ltr'><strong>licere</strong></span> <span class='ocrx_word' id='word_1_266' title='bbox 940 3191 1102 3259; x_wconf 86' lang='lat' dir='ltr'><strong>admittere</strong></span> <span class='ocrx_word' id='word_1_267' title='bbox 1114 3215 1168 3262; x_wconf 83' lang='lat' dir='ltr'><strong>eos</strong></span> <span class='ocrx_word' id='word_1_268' title='bbox 1179 3197 1213 3260; x_wconf 85' lang='lat' dir='ltr'><strong>ad</strong></span> <span class='ocrx_word' id='word_1_269' title='bbox 1259 3267 1260 3270; x_wconf 8' lang='grc' dir='ltr'><strong>Ἴ</strong></span> 
     </span>
     <span class='ocr_line' id='line_1_35' title="bbox 239 3271 1260 3362; baseline 0.01 -22"><span class='ocrx_word' id='word_1_270' title='bbox 239 3275 367 3340; x_wconf 86' lang='lat' dir='ltr'><strong>Ordines</strong></span> <span class='ocrx_word' id='word_1_271' title='bbox 379 3276 450 3358; x_wconf 88' lang='lat' dir='ltr'><strong>quia</strong></span> <span class='ocrx_word' id='word_1_272' title='bbox 463 3285 534 3342; x_wconf 88' lang='lat' dir='ltr'><strong>sunt</strong></span> <span class='ocrx_word' id='word_1_273' title='bbox 548 3279 737 3362; x_wconf 78' lang='lat' dir='ltr'><strong>irregulares.</strong></span> <span class='ocrx_word' id='word_1_274' title='bbox 1259 3271 1260 3327; x_wconf 58' lang='lat' dir='ltr'><strong>i</strong></span> 
     </span>
     <span class='ocr_line' id='line_1_36' title="bbox 278 3367 1211 3456; baseline 0.018 -31"><span class='ocrx_word' id='word_1_275' title='bbox 278 3369 369 3429; x_wconf 67' lang='lat' dir='ltr'><strong>atti.</strong></span> <span class='ocrx_word' id='word_1_276' title='bbox 387 3367 447 3430; x_wconf 88' lang='lat' dir='ltr'><strong>Etsi</strong></span> <span class='ocrx_word' id='word_1_277' title='bbox 467 3367 617 3434; x_wconf 87' lang='lat' dir='ltr'><strong>nottemus</strong></span> <span class='ocrx_word' id='word_1_278' title='bbox 632 3371 802 3453; x_wconf 90' lang='lat' dir='ltr'><strong>improbare</strong></span> <span class='ocrx_word' id='word_1_279' title='bbox 820 3389 873 3436; x_wconf 85' lang='lat' dir='ltr'><strong>eos</strong></span> <span class='ocrx_word' id='word_1_280' title='bbox 885 3371 937 3456; x_wconf 83' lang='lat' dir='ltr'><strong>qui</strong></span> <span class='ocrx_word' id='word_1_281' title='bbox 956 3373 1119 3456; x_wconf 80' lang='lat' dir='ltr'><strong>praedictas</strong></span> <span class='ocrx_word' id='word_1_282' title='bbox 1136 3377 1211 3442; x_wconf 86' lang='lat' dir='ltr'><strong>solu·</strong></span> 
     </span>
     <span class='ocr_line' id='line_1_37' title="bbox 240 3455 1212 3544; baseline 0.013 -28"><span class='ocrx_word' id='word_1_283' title='bbox 240 3455 338 3518; x_wconf 90' lang='lat' dir='ltr'><strong>tiones</strong></span> <span class='ocrx_word' id='word_1_284' title='bbox 349 3455 647 3538; x_wconf 84' lang='lat' dir='ltr'><strong>ampiectendasesse</strong></span> <span class='ocrx_word' id='word_1_285' title='bbox 662 3467 778 3541; x_wconf 79' lang='lat' dir='ltr'><strong>putant,</strong></span> <span class='ocrx_word' id='word_1_286' title='bbox 790 3461 820 3523; x_wconf 92' lang='lat' dir='ltr'><strong>in</strong></span> <span class='ocrx_word' id='word_1_287' title='bbox 836 3464 918 3544; x_wconf 83' lang='lat' dir='ltr'><strong>praxi</strong></span> <span class='ocrx_word' id='word_1_288' title='bbox 934 3471 1035 3526; x_wconf 88' lang='lat' dir='ltr'><strong>tamen</strong></span> <span class='ocrx_word' id='word_1_289' title='bbox 1049 3483 1114 3528; x_wconf 90' lang='lat' dir='ltr'><strong>non</strong></span> <span class='ocrx_word' id='word_1_290' title='bbox 1129 3467 1212 3530; x_wconf 84' lang='lat' dir='ltr'><strong>aude·</strong></span> 
     </span>
    </p>
   </div>
   <div class='ocr_carea' id='block_1_4' title="bbox 241 3545 1211 3714">
    <p class='ocr_par' dir='ltr' id='par_1_9' title="bbox 241 3545 1211 3714">
     <span class='ocr_line' id='line_1_38' title="bbox 241 3545 1211 3632; baseline 0.012 -26"><span class='ocrx_word' id='word_1_291' title='bbox 241 3560 344 3608; x_wconf 87' lang='lat' dir='ltr'><strong>remus</strong></span> <span class='ocrx_word' id='word_1_292' title='bbox 357 3545 522 3626; x_wconf 78' lang='lat' dir='ltr'><strong>praesertim</strong></span> <span class='ocrx_word' id='word_1_293' title='bbox 538 3547 731 3610; x_wconf 87' lang='lat' dir='ltr'><strong>matrimonio</strong></span> <span class='ocrx_word' id='word_1_294' title='bbox 742 3551 929 3632; x_wconf 81' lang='lat' dir='ltr'><strong>conjungere</strong></span> <span class='ocrx_word' id='word_1_295' title='bbox 943 3561 1043 3615; x_wconf 88' lang='lat' dir='ltr'><strong>mutos</strong></span> <span class='ocrx_word' id='word_1_296' title='bbox 1060 3563 1090 3618; x_wconf 86' lang='lat' dir='ltr'><strong>et</strong></span> <span class='ocrx_word' id='word_1_297' title='bbox 1109 3557 1211 3620; x_wconf 75' lang='lat' dir='ltr'><strong>suren</strong></span> 
     </span>
     <span class='ocr_line' id='line_1_39' title="bbox 244 3632 1211 3714; baseline 0.014 -20"><span class='ocrx_word' id='word_1_298' title='bbox 244 3649 305 3696; x_wconf 88' lang='lat' dir='ltr'><strong>nun</strong></span> <span class='ocrx_word' id='word_1_299' title='bbox 328 3632 448 3697; x_wconf 88' lang='lat' dir='ltr'><strong>edoctos</strong></span> <span class='ocrx_word' id='word_1_300' title='bbox 467 3633 553 3713; x_wconf 81' lang='lat' dir='ltr'><strong>juxta</strong></span> <span class='ocrx_word' id='word_1_301' title='bbox 578 3633 736 3699; x_wconf 86' lang='lat' dir='ltr'><strong>methodos</strong></span> <span class='ocrx_word' id='word_1_302' title='bbox 763 3637 935 3703; x_wconf 85' lang='lat' dir='ltr'><strong>hodiernus.</strong></span> <span class='ocrx_word' id='word_1_303' title='bbox 963 3643 1109 3714; x_wconf 76' lang='lat' dir='ltr'><strong>Ouaunia</strong></span> <span class='ocrx_word' id='word_1_304' title='bbox 1135 3647 1211 3710; x_wconf 88' lang='lat' dir='ltr'><strong>euim</strong></span> 
     </span>
    </p>
   </div>
   <div class='ocr_carea' id='block_1_5' title="bbox 0 0 1303 3992">
    <p class='ocr_par' dir='ltr' id='par_1_10' title="bbox 0 0 1303 3992">
     <span class='ocr_line' id='line_1_40' title="bbox 0 0 1303 3992; baseline 0 0"><span class='ocrx_word' id='word_1_305' title='bbox 0 0 1303 3992; x_wconf 95' lang='lat' dir='ltr'><strong> </strong></span> 
     </span>
    </p>
   </div>
   <div class='ocr_carea' id='block_1_6' title="bbox 1250 3903 1257 3943">
    <p class='ocr_par' dir='ltr' id='par_1_11' title="bbox 1250 3903 1257 3943">
     <span class='ocr_line' id='line_1_41' title="bbox 1250 3903 1257 3943; baseline 0 0"><span class='ocrx_word' id='word_1_306' title='bbox 1250 3903 1257 3943; x_wconf 87' lang='lat' dir='ltr'><strong>t</strong></span> 
     </span>
    </p>
   </div>
  </div>
 </body>
</html>
