2522 3992
473 292 560 344 man
579 290 698 342 varnos.
1018 273 1078 340 tte

108 424 121 463 v
145 403 322 471 conventus,
337 395 403 460 sine
416 395 545 458 otiorum
556 395 736 458 detrimento
745 391 906 458 commode
919 395 1077 457 sustentari

108 513 122 550 u
146 505 235 571 posse
249 505 286 549 :n
310 483 361 549 ubi
381 503 452 547 voce
472 483 601 545 otiorum
624 481 759 565 proiecto
781 481 1012 564 intelligendum
1036 487 1080 546 est

109 585 296 641 conventuum
310 593 364 656 per
384 572 603 655 oppositionem
618 573 656 635 ad
670 591 755 634 noros
765 588 777 645 ,·
787 578 818 634 et
829 574 901 636 cum
917 589 978 633 non
992 571 1082 634 odda-

110 673 157 730 tur
177 673 230 727 out
245 662 471 747 parochiarum,
490 660 535 722 vel
563 659 677 741 aliquid
696 659 813 736 simile,
834 659 1025 722 manifestum
1048 659 1082 721 fit
1122 731 1124 734 ¹

110 753 191 837 qudd
206 752 340 816 Pontifex
354 751 393 814 de
406 750 471 812 solo
483 749 665 811 detrimento
677 757 882 812 conventuum
895 749 1083 832 praeexisten-

112 846 185 906 tium
210 858 382 904 sennonem
402 837 498 901 iaciat.
520 839 623 910 Porrd,
640 838 739 920 inquit
758 838 872 914 Bouix,
895 837 919 899 si
943 838 1083 919 paratim

111 933 247 995 interesse
260 929 396 992 tabentes
413 927 605 990 intellexisset
622 927 696 990 alios
717 933 826 1008 praeter
843 927 1015 1008 regulares,
1030 945 1080 988 vo·

112 1021 196 1085 cibus
209 1017 271 1081 siri
283 1017 456 1080 detrimento
469 1015 596 1078 otiorum
609 1016 855 1092 toonveotuum),
873 1015 977 1096 procul
991 1015 1083 1078 dubio

113 1109 288 1183 addidisset,
304 1106 350 1170 vel
363 1103 549 1170 secularium
564 1105 837 1167 eeclesiarum-3⁰
852 1105 895 1165 De
910 1103 980 1166 solis
994 1107 1083 1186 regu·

113 1197 224 1261 laribus
238 1195 327 1259 verba
340 1203 370 1258 et
392 1194 464 1256 otiis
478 1195 614 1256 interesse
628 1193 799 1271 dolentibus
817 1192 939 1273 intelligi
959 1197 1086 1274 possunt

114 1297 142 1349 et
155 1287 440 1368 debentr-posount
453 1283 576 1364 quidem
586 1281 624 1343 de
633 1281 767 1344 illissolis
781 1281 918 1362 intelligi,
929 1283 999 1344 oiim
1012 1281 1085 1344 nibil

116 1379 144 1437 in
162 1378 285 1436 lleoreto
298 1380 384 1455 cogat
398 1371 435 1434 ad
450 1373 542 1435 alium
563 1389 685 1433 sensuro
700 1369 766 1432 haec
779 1369 867 1432 verba
887 1378 1060 1434 convertere
1077 1390 1084 1432 :

117 1463 262 1526 -alelmt
275 1469 377 1526 eutem
391 1461 435 1524 sic
449 1461 592 1542 intelligi,
608 1461 678 1522 edna
693 1459 877 1521 enumeratis
892 1459 1044 1522 Prioribus
1057 1465 1086 1522 et

120 1552 381 1626 procuratoribus,
406 1568 468 1612 non
491 1547 818 1630 comprehenderentur
840 1548 1015 1630 Superiores
1037 1555 1088 1612 aut

120 1639 264 1704 tvfficiales
288 1648 466 1701 ceterorum
491 1642 695 1699 conventuum
722 1635 774 1716 qui
801 1637 925 1698 nornine
951 1637 1088 1698 Priorum

120 1740 147 1790 et
169 1729 396 1791 llmurotomun
419 1745 479 1788 nco
500 1725 598 1788 solent
620 1724 804 1806 nuncupari;
821 1723 902 1786 unde
926 1725 950 1786 si
973 1723 1011 1786 de
1025 1725 1089 1786 eliis

121 1817 307 1895 repularilrus
322 1834 383 1877 noo
399 1814 602 1895 intelligantur
612 1813 701 1875 verba
715 1822 744 1874 et
756 1813 973 1874 olir'ointorrrae
983 1813 1089 1874 dobea-

121 1907 217 1980 titoa,
233 1923 294 1967 noo
309 1923 415 1966 cnonas
434 1904 576 1965 interesse
595 1901 738 1964 habentes
753 1903 929 1985 Superiores
952 1921 1090 1984 comple·

123 1993 322 2056 lmorlarentur
337 1993 368 2054 in
383 1996 519 2068 lleoreto,
535 2001 563 2054 et
578 1991 757 2073 incompleta
769 1999 847 2053 esset
860 1991 989 2073 plrrasis3
1005 2009 1089 2072 ergo,

122 2082 217 2162 inquit
241 2087 275 2145 tt.
302 2083 416 2154 ltouix,
441 2081 479 2144 de
505 2081 577 2142 solis
600 2079 787 2160 regularibus
810 2080 1002 2162 intelligenda
1021 2085 1093 2143 sunt

122 2172 211 2232 rerba
229 2179 258 2232 et
277 2170 350 2232 otiis
368 2171 504 2232 interesse
517 2169 700 2231 dolentibus.
716 2171 796 2249 Ergo
819 2167 891 2230 nihil
912 2169 1040 2250 probant
1060 2171 1092 2232 in

122 2260 247 2342 gratiam
257 2277 362 2321 eorum
376 2257 427 2340 qui
438 2259 541 2320 volunt
552 2257 700 2341 parochos
713 2276 778 2320 esse
790 2257 923 2320 citandos
932 2267 961 2320 et
971 2258 1094 2322 audien·

122 2351 177 2411 dos
190 2350 228 2410 alr
243 2349 390 2429 Episcopo
404 2347 434 2408 in
449 2349 599 2409 erectione
613 2365 760 2409 novorum
777 2355 992 2410 conventuum.

163 2441 252 2499 2556.
270 2439 335 2499 Non
350 2443 468 2498 tenetur
481 2439 512 2497 2⁰
528 2435 692 2516 paroehum
707 2453 812 2497 vocare
825 2453 862 2496 ex
876 2435 941 2497 aliis
954 2435 1095 2500 Ecclesia

123 2525 261 2588 decretis.
273 2527 296 2586 N
301 2524 359 2586 nlla
373 2523 455 2586 enirn
469 2525 507 2586 ab
523 2524 697 2586 adversariis
711 2523 878 2604 allegantur
893 2531 1001 2604 preter
1018 2543 1095 2605 prae·

124 2613 200 2676 taras
220 2613 470 2688 constitutiones,
495 2628 563 2693 quea
585 2619 702 2688 tavaen,
725 2619 758 2674 ut
781 2609 910 2674 vidimus
937 2611 1049 2691 modo,
1064 2613 1097 2676 in

126 2707 230 2764 eoruoi
246 2701 370 2783 gratiam
385 2701 458 2762 nihil
473 2701 623 2763 evincunt.
640 2703 730 2781 Ergo.
746 2705 804 2762 eto.

166 2795 255 2854 2557.
272 2792 314 2853 Ex
330 2789 365 2853 iis
379 2791 513 2872 sequitur
530 2788 612 2871 qudd
633 2789 656 2851 si
678 2787 715 2850 ad
734 2787 917 2850 erectionem
941 2790 1009 2853 novi
1023 2808 1097 2854 oon·

127 2885 233 2942 ventiis
248 2899 309 2942 non
323 2881 358 2942 sit
373 2897 450 2962 opus
465 2885 497 2940 ut
510 2879 617 2941 citetur
630 2885 660 2941 et
673 2877 812 2941 audiatur
821 2877 980 2960 parochus,
995 2882 1099 2962 ergod

128 2967 240 3030 fortiori
257 2987 316 3030 non
332 2967 492 3050 requiritur
506 2967 633 3047 praevius
647 2968 741 3050 ipsius
753 2985 919 3030 consensus
935 2987 943 3030 r
957 2969 1029 3042 iord,
1043 2969 1100 3035 etsi

128 3057 251 3120 deberet
270 3057 369 3126 citari,
395 3073 457 3117 oon
477 3055 585 3118 exinde
608 3064 783 3137 sequeretur
806 3055 899 3138 ipsius
916 3077 1100 3123 consensum

129 3145 193 3208 iore
208 3145 428 3222 necessarium,
450 3152 483 3206 ut
501 3145 570 3206 satis
584 3151 675 3226 patet.
696 3147 808 3208 Revera
826 3165 862 3208 ex
882 3147 1005 3210 Constit.
1027 3151 1101 3211 Gra

130 3251 195 3315 gor.
212 3237 263 3296 XV
277 3233 441 3315 aliquando
456 3237 640 3298 oomrssarius
653 3242 698 3297 est
711 3253 877 3298 consensus
896 3237 1032 3299 Priorum
1047 3254 1101 3302 seu

130 3324 361 3385 Procuratorem
382 3323 511 3384 oliorum
532 3331 736 3387 conventuum
762 3324 792 3386 in
815 3324 881 3386 loco
899 3325 1101 3404 exstantium,

131 3422 182 3476 aut
196 3411 359 3492 aliquando
373 3413 461 3472 etiarn
483 3412 661 3484 incolarum,
676 3421 766 3494 prout
778 3412 911 3475 diximus
928 3433 1034 3495 supva;
1050 3413 1102 3476 sed

133 3501 205 3562 nihil
220 3501 346 3561 omnino
360 3500 457 3562 simile
471 3501 581 3563 elicitur
601 3502 639 3564 tle
655 3501 783 3584 perorlvo
799 3503 828 3562 in
846 3501 965 3584 praclatt
986 3503 1104 3566 Consti-

132 3591 256 3650 tutione.
282 3593 419 3650 Atlanteo
444 3589 596 3670 Pigontelli
617 3599 646 3652 et
671 3590 809 3652 nortrvulli
827 3591 877 3652 alii
897 3591 1104 3652 existimarunt

133 3677 245 3758 requiri
265 3695 449 3740 consensum
472 3677 592 3760 parochi
602 3699 612 3757 3
627 3679 680 3742 sed
694 3677 760 3742 vide
777 3697 826 3760 ep.
844 3680 879 3742 D.
902 3679 997 3742 Bouix
1011 3685 1101 3762 quino
