2528 3996
508 285 593 332 uern
614 287 729 335 antuus.
1032 277 1089 340 till

117 402 131 440 a
159 386 220 443 lum
236 380 347 464 punire
362 383 409 446 vel
428 402 555 466 cogere,
578 404 678 465 neque
691 405 771 451 unus
784 390 846 452 Rex
866 389 962 452 tidelis
975 390 1013 452 ab
1032 392 1090 456 alio

115 492 129 528 u
156 471 251 548 fideli,
274 491 372 554 nequa
388 473 515 536 infidelis
529 473 567 535 ah
581 474 694 538 infideli
711 495 720 538 ε
740 477 778 540 ita
794 496 850 542 neo
864 479 1034 560 respublica
1049 482 1091 543 in·

113 583 128 620 u
155 559 251 622 tidelis
264 560 295 622 in
314 579 370 624 suo
383 562 489 626 ordine
503 581 646 646 supremo
660 573 756 648 potest
775 567 876 650 puniri
897 568 936 631 ah
958 567 1089 632 Ecclesit

113 672 128 706 u
156 658 276 730 propter
290 669 345 713 sua
357 649 484 730 delicta,
500 653 616 716 etiamsi
630 663 734 718 contra
756 656 904 719 rationem
923 658 1089 721 naturalem

112 759 128 796 a
154 739 224 799 sint.
237 738 316 820 Ergo
327 757 388 801 uon
397 747 493 822 potest
506 741 572 822 cogi
584 751 617 804 ut
627 742 827 807 idololatriam
837 745 883 808 vel
893 745 1006 810 similes
1015 746 1089 810 ritas

116 848 131 883 a
156 825 280 888 auferat.
297 849 312 886 a
330 830 373 890 lta
387 829 511 906 suarez,
528 829 601 893 ibid.

153 914 242 978 Unde
257 916 396 980 Nicotaus
411 921 491 1001 Papa
504 921 516 982 1
530 920 567 982 ad
583 919 831 1004 interrogationes
846 922 1011 1006 uulgarum
1025 943 1089 988 res-

117 1003 256 1086 pondens
270 1005 363 1068 dixit:
383 1029 398 1067 a
410 1009 453 1070 De
467 1008 503 1071 iis
517 1009 568 1091 qui
583 1009 671 1072 idolis
685 1011 844 1073 immolant
857 1010 930 1073 nihil
944 1011 1025 1075 aliud
1047 1013 1092 1076 di·

115 1114 129 1152 u
154 1111 223 1155 aere
244 1112 424 1176 possumus,
444 1097 500 1158 nisi
515 1098 596 1180 qudd
611 1100 726 1163 ratione
745 1099 845 1182 polius
863 1104 956 1181 quam
974 1102 1003 1163 vi
1020 1121 1091 1164 oon·

114 1203 130 1240 a
154 1181 292 1245 uincendi
306 1193 386 1248 sunt.
403 1207 418 1245 a
435 1186 542 1268 Liquet
560 1188 642 1270 qudd
655 1188 787 1252 maxima
800 1188 879 1252 mala
892 1207 930 1254 ex
953 1192 1089 1272 opposita

114 1273 262 1333 sententil
276 1281 485 1355 sequerentur.

528 1454 609 1518 ΛΒΤ.
639 1455 674 1520 li.

256 1603 293 1650 ua
313 1603 409 1650 mmm
434 1603 585 1659 numanus
605 1604 746 1651 aurisonis
767 1606 947 1654 nouasrmrs.

154 1745 342 1808 3l57.Ta1es
351 1753 421 1810 sunt
432 1747 484 1829 qui
495 1747 647 1829 pertinent
656 1745 693 1810 ad
703 1748 875 1810 societatem
885 1749 1090 1830 conjugalem,

114 1839 167 1896 aut
189 1835 394 1916 parentalem,
414 1845 465 1898 aut
485 1836 630 1914 herilem3
654 1837 693 1899 de
711 1835 747 1899 iis
768 1838 934 1919 praesertim
949 1837 1047 1920 agitur
1061 1839 1091 1900 in

114 1929 240 1986 tractatu
254 1923 289 1987 de
306 1925 509 1996 Matrimonia,
526 1932 577 1988 aut
589 1925 624 1988 cte
638 1925 781 2008 Decoloqa
796 1945 808 1988 :
822 1925 930 1990 suffieit
943 1925 993 1990 hle
1007 1946 1090 2010 quae-

115 2011 186 2074 dam
201 2013 301 2078 dicere
316 2013 354 2078 de
368 2017 519 2078 servitute.

153 2097 212 2164 Per
225 2121 326 2167 servos
344 2103 550 2185 intelliguntur
565 2104 748 2169 miserabiles
768 2105 809 2168 illi
824 2105 963 2169 homines
981 2105 1090 2170 subditi

114 2190 251 2256 dominio
266 2194 387 2256 alterius
401 2195 453 2276 qui
470 2194 589 2258 illoram
604 2194 746 2276 operibus
759 2194 879 2258 fruitur.

13 2301 25 2316 ·
133 2282 223 2343 ‚Non
238 2283 341 2364 pauci,
367 2284 533 2364 praesertim
556 2283 694 2346 moderni
715 2284 884 2366 philosophi
907 2289 938 2348 et
956 2285 1090 2368 politici,

114 2389 221 2452 mapoa
235 2372 428 2432 hamanitatis
442 2380 589 2454 apparatu
606 2374 872 2455 sententiarumque
889 2374 971 2455 fastu
985 2373 1092 2455 (inquit

114 2460 151 2522 R.
163 2458 202 2522 de
213 2461 268 2536 M„
278 2469 353 2524 tom.
370 2465 399 2532 Ξ,
410 2480 439 2542 p.
451 2463 529 2533 luat,
542 2461 714 2523 servitutem
730 2453 905 2542 reprobant3
920 2461 1020 2523 sedin
1035 2461 1093 2524 hoc

79 2577 84 2584 ·
114 2547 245 2610 veritatis
259 2555 289 2612 et
304 2549 517 2612 moderationis
532 2549 640 2612 limites
653 2549 951 2632 praetergrediuntur,
965 2557 1000 2611 ut
1009 2558 1092 2631 pate-

115 2636 159 2699 hit
173 2655 211 2700 ex
224 2640 361 2721 sequenti
377 2640 602 2722 propositione:

114 2769 206 2832 ³¹58.
225 2770 399 2853 propositio.
413 2770 598 2832 -Servitus
617 2788 653 2832 ex
677 2788 710 2833 so
733 2787 791 2833 neo
809 2769 869 2850 juri
890 2767 1018 2832 naturali
1037 2787 1094 2832 neo

157 2857 260 2922 divino
273 2867 441 2942 repugnat,
458 2876 516 2922 neo
527 2858 564 2920 iit
576 2857 696 2938 illicita,
712 2858 769 2921 nisi
783 2857 906 2941 quando
926 2857 1023 2940 alege
1040 2857 1093 2921 hu·

157 2953 250 3012 mant
264 2949 451 3032 prohibetur.

156 3072 181 3132 1.
213 3067 348 3132 Seruitus
372 3089 429 3130 aaa
452 3077 597 3151 repugnat
617 3066 689 3150 juri
710 3068 845 3129 naturali
864 3087 876 3132 .·
899 3070 1012 3132 etenim
1040 3089 1094 3151 per

115 3159 289 3224 sen-iturea
305 3159 373 3240 quis
387 3158 424 3220 ad
439 3159 567 3222 alterum
587 3158 718 3240 pertinet
736 3157 836 3239 quoad
855 3177 946 3221 usum
968 3176 1093 3220 saranum

114 3249 293 3311 facultatum
307 3265 521 3329 corporearum
534 3266 542 3323 3
560 3247 650 3328 porro
661 3247 720 3326 juri
733 3247 859 3309 naturali
870 3266 931 3308 uon
947 3251 1095 3328 repugnat

117 3337 208 3400 talem
224 3356 311 3400 usum
328 3336 500 3400 insultatum
515 3337 642 3415 alicujus
662 3335 700 3397 ad
720 3335 848 3399 alterum
872 3335 1040 3416 pertinere:
1056 3335 1094 3396 ad

115 3425 177 3490 hoa
189 3427 298 3489 suliioit
308 3426 390 3509 qudd
406 3425 578 3505 hujusmodi
594 3443 667 3488 usus
681 3425 833 3507 abaliquo
849 3423 927 3503 juste
942 3422 1003 3484 tolli
1021 3424 1095 3486 etin

116 3516 200 3579 illius
214 3518 434 3598 possessionem
455 3516 528 3578 ulter
550 3513 721 3577 manumitti
743 3513 854 3596 possit3
879 3509 962 3594 ataui
984 3511 1015 3574 in
1038 3511 1096 3576 hoo

117 3604 201 3669 nulla
221 3605 364 3684 injustitia
377 3621 511 3686 unquam
525 3603 651 3666 inveniri
665 3603 792 3686 poterit:
811 3606 841 3664 l⁰
855 3601 983 3684 supponi
1000 3609 1096 3683 potest

116 3693 201 3777 qudd
214 3691 284 3776 quis
296 3696 462 3766 spontanee
475 3694 594 3758 servitu
607 3693 729 3756 alterius
742 3709 775 3754 se
788 3691 925 3770 subiiciat
946 3691 1007 3754 sive
1029 3709 1096 3754 ruo-
