2550 3992
313 273 400 322 tisun
417 273 578 322 escunnus.
601 291 640 306 -
660 275 847 324 aerunurces.
1009 260 1066 328 691

94 415 108 454 ι
131 397 213 455 reete
226 389 348 473 judices
371 391 465 454 iaicos
490 391 528 454 ad
546 391 736 456 trahendum
752 395 790 456 ad
816 413 910 457 suum
927 396 1066 460 tribunal

92 506 108 542 a
132 479 1065 566 personasecciesiesticaspraetercenonicaedispositiones3

93 595 108 630 ι
137 573 210 636 item
236 572 364 634 edentes
387 571 470 652 leges
493 571 542 634 vei
564 573 687 636 decreta
708 581 818 637 contra
838 573 1015 640 libertatem
1037 585 1068 642 et

95 683 110 724 n
126 659 200 740 jura
214 658 373 724 Ecclesiae.
389 680 404 719 ι

129 751 208 815 Cum
222 754 260 812 de
273 767 346 812 reru
363 766 458 812 sensu
473 757 503 810 et
517 748 727 831 intelligentie
743 749 840 828 hujus
854 753 969 834 eapitis
983 773 1066 838 saepo

91 841 271 906 dubitatum
288 837 392 912 fuerit,
408 838 476 902 haec
490 856 636 919 suprema
651 839 857 924 congregatio
871 842 903 906 S.
916 844 1066 910 Rornanae

89 943 120 994 et
134 929 321 994 universalis
345 927 561 1011 inquisitionis
576 947 640 992 nnn
667 930 765 994 semel
785 931 956 995 deciaravit
970 945 1067 1015 caput

91 1018 1067 1101 «cocantesrnonaffiecrenisiiegisiatoresetaiiasaucturitates

89 1123 235 1189 cogentes
263 1109 328 1173 sive
354 1107 473 1172 directe
496 1109 562 1170 sive
584 1109 734 1173 indirecta
762 1110 885 1192 judices
908 1110 1006 1174 laicos
1026 1113 1066 1175 ad

88 1199 280 1264 trahendum
305 1198 346 1262 ad
374 1217 467 1261 suum
497 1199 636 1262 tribunal
665 1219 813 1281 personas
840 1200 1067 1266 ecclesiasticas

88 1301 206 1375 praeter
220 1291 387 1354 canonicas
407 1288 641 1370 dispositiones.
669 1324 708 1336 —
734 1289 821 1352 Hanc
841 1309 913 1352 vero
927 1291 1067 1354 deciara-

87 1383 207 1446 tionem
233 1379 457 1443 Sanctissimae
484 1378 518 1440 D.
548 1377 582 1439 N.
613 1377 672 1440 Leo
700 1379 755 1442 PP.
772 1379 840 1441 Xill
864 1378 1009 1462 probavit
1037 1391 1067 1444 et

87 1470 288 1535 confirmavit
312 1487 320 1531 :
344 1469 478 1549 ideoque
502 1467 534 1530 S.
564 1466 632 1530 haec
654 1470 858 1550 congregatio
882 1469 968 1532 iiiam
992 1489 1063 1534 curn

86 1561 239 1626 omnibus
263 1559 404 1621 iocorum
427 1554 600 1620 Ordinariis
618 1574 674 1636 pro
695 1575 807 1620 norma
828 1557 1065 1623 communican-

86 1653 161 1714 dam
177 1669 243 1713 esse
258 1649 390 1711 censuit.

129 1739 280 1802 Caeterum
309 1738 341 1798 in
372 1735 408 1798 iis
435 1734 510 1798 iocis
532 1735 564 1797 in
588 1733 705 1817 quibus
730 1733 789 1799 iuri
816 1735 981 1818 privilegio
1010 1755 1067 1816 per

87 1823 1066 1907 SummosPontiticesderogatunrnonfuit,siineisnundatur

84 1921 158 2002 jura
180 1937 238 1982 sue
265 1915 409 1999 persequi
438 1917 497 1976 nisi
522 1917 603 1996 apud
626 1915 750 1995 judices
776 1913 882 1988 laicos,
918 1925 1065 1984 tenentur

87 2008 206 2082 sinquii
218 2009 305 2088 prius
319 2023 337 2068 a
350 2005 478 2086 proprio
493 2005 634 2087 ipsorum
646 2003 813 2068 Ordinatio
825 2004 947 2066 veniam
961 2020 1066 2084 petere

86 2112 123 2162 ut
158 2097 287 2160 ciericos
322 2094 354 2156 in
392 2094 494 2158 iorum
529 2095 678 2156 inicorum
708 2095 1063 2176 convenire'possint:

85 2205 222 2269 eamque
235 2183 392 2250 Ordinarii
408 2202 573 2263 nunquam
586 2183 790 2264 denegabunt
804 2199 812 2258 ;
830 2195 896 2245 turn
915 2186 1064 2262 maxime,

85 2295 162 2339 curn
177 2275 236 2358 ipsi
252 2273 472 2338 controversiis
496 2273 577 2334 inter
602 2285 706 2354 partes
721 2273 929 2337 conciliandis
951 2273 1065 2338 trustra

85 2384 219 2447 operam
240 2363 397 2428 dederint.
426 2362 595 2442 Episcopos
618 2373 723 2424 autern
744 2362 776 2424 in
802 2363 833 2426 id
862 2367 963 2425 iurum
989 2383 1064 2426 urn-

84 2455 197 2517 uenire
213 2453 331 2535 absque
351 2451 442 2513 venia
467 2448 554 2512 Sedis
580 2450 766 2530 Apostolicae
788 2469 851 2512 non
875 2451 957 2514 iicet.
978 2451 1015 2514 Et
1038 2455 1063 2516 si

86 2545 161 2625 quis
196 2561 291 2606 ausus
324 2541 417 2603 inerit
449 2540 571 2602 trahere
610 2540 649 2602 ad
680 2539 820 2617 judicem
856 2554 912 2599 seu
943 2539 1064 2618 judices

84 2633 185 2696 laicos
200 2633 250 2696 vel
266 2631 416 2694 creticum
431 2630 498 2692 sine
513 2630 605 2691 venie
624 2625 792 2706 Ordinarii,
809 2626 858 2690 vei
878 2628 1063 2708 episcopum

84 2725 157 2786 sine
180 2721 271 2785 venia
300 2721 329 2783 S.
360 2718 458 2797 Sedis,
480 2719 512 2780 in
542 2727 694 2801 potestate
721 2717 903 2782 eorumdem
933 2715 1065 2779 Ordina-

83 2815 208 2875 riorum
241 2811 299 2872 erit
334 2809 366 2872 in
399 2826 484 2885 eum,
522 2806 692 2889 praesertirn
721 2807 747 2868 si
790 2804 883 2870 iuerit
914 2807 1062 2880 clericus,

85 2899 339 2964 animadvertere
374 2897 477 2979 poenis
510 2907 540 2960 et
575 2897 715 2959 censuris
742 2893 877 2960 ierendae
902 2899 1063 2960 sententiae

88 3001 136 3054 uti
152 2989 335 3052 violatorem
360 2988 514 3070 privilegii
530 2987 601 3069 tori,
616 2987 644 3049 ei
657 2988 689 3049 id
711 2986 860 3068 expedire
875 2987 907 3050 in
927 2988 1063 3050 Doruino

84 3079 348 3160 indicaverim...

227 3285 341 3348 Baium
360 3283 479 3363 unna,
499 3284 550 3346 die
565 3280 603 3347 23
613 3283 749 3364 ianuarii
764 3300 817 3344 an.
834 3279 923 3342 1886.

302 3409 421 3474 Humii.
438 3419 468 3473 et
484 3410 598 3474 addici.
615 3429 724 3473 servus
740 3425 843 3471 retus.

591 3543 627 3606 R.
650 3543 739 3608 Gard.
764 3541 900 3606 Monauo.
