2528 3996
198 254 255 310 sta
419 267 555 313 annuam
576 267 679 314 auarus
699 265 779 312 suuis
800 263 936 312 assotum

554 423 734 486 runcruu
756 419 806 500 nr.

199 593 236 642 DE
257 595 326 643 tuns
348 595 537 644 seducantur!
558 593 654 646 OUGAD
674 591 810 641 BONOBUH
829 589 946 638 SUORU!
959 585 1176 638 matinanta

528 681 832 730 aautnlsrusrtottstt.

239 826 326 884 2901.
351 822 493 897 Quaedam
509 820 647 882 notiones
660 823 731 880 sunt
744 811 964 899 praemittendae
982 831 989 873 :

240 915 271 972 t⁰
285 914 321 976 Ut
335 911 413 972 bona
425 911 553 988 aiicujus
567 905 797 970 Communitatis
811 901 1010 967 ecclesiastica
1022 899 1089 960 sint
1105 917 1181 962 cen-

199 1000 303 1070 senda,
330 1017 452 1062 necesse
471 1008 516 1061 est
540 1008 571 1061 ut
596 997 645 1060 rita
664 994 872 1060 Communitas
893 993 951 1074 (ret
980 989 1180 1067 institutum)

200 1089 289 1150 tuerit
301 1089 476 1151 auctoritate
490 1088 689 1151 ecciesiastica
702 1092 800 1149 erecta
816 1107 823 1148 :
840 1080 1074 1163 undeuuanda
1089 1082 1181 1140 Con-

200 1178 361 1240 servatoria
391 1227 399 1252 ,
430 1179 593 1240 societates
623 1225 632 1256 ‚
665 1176 832 1238 seminaria
862 1222 871 1252 ,
903 1169 1061 1251 (totiugis,
1091 1176 1179 1242 ete..

200 1273 269 1328 sunt
283 1275 382 1330 erecta
395 1267 569 1330 auctoritate
583 1265 744 1337 ordinarii,
761 1263 883 1326 iliorum
899 1261 978 1321 bona
988 1264 1061 1320 sunt
1076 1259 1182 1320 aceto

201 1355 316 1418 siastica
332 1375 340 1420 :
355 1377 383 1418 v.
401 1379 444 1438 g.,
461 1359 594 1420 Societas
608 1359 640 1418 S.
662 1354 782 1436 suipitii
807 1359 836 1415 ct
855 1350 998 1414 similium
1005 1367 1015 1424 ς
1033 1365 1135 1410 secus
1156 1349 1180 1408 si

199 1461 261 1506 non
274 1447 335 1508 sint
349 1446 445 1508 taiiter
460 1455 570 1508 erecta.

235 1529 324 1589 2902.
341 1561 381 1572 -
394 1530 426 1588 2⁰
445 1547 460 1584 a
481 1526 544 1585 Vox
558 1521 731 1585 dominium
752 1520 829 1583 sumi
847 1527 946 1604 potest
959 1521 990 1584 in
1005 1523 1113 1586 usuali
1140 1525 1186 1587 ret

196 1637 211 1675 a
233 1616 373 1678 strictiori
389 1633 479 1676 sensu
494 1633 501 1674 ε
519 1614 601 1692 iuxta
617 1611 806 1688 usualem...,
823 1611 872 1674 iiie
886 1611 1057 1674 dominium
1077 1611 1185 1676 bono-

196 1728 211 1765 u
236 1725 304 1768 rum
320 1704 590 1767 ceclesiasticorum
612 1701 723 1762 habere
745 1699 874 1778 dicitur,
894 1699 946 1781 qni
966 1699 1060 1762 iibere
1082 1701 1129 1764 de
1150 1704 1186 1765 iis

196 1817 211 1856 a
236 1795 396 1876 disponere
411 1799 522 1874 potest,
537 1790 652 1853 etiamsi
669 1808 730 1852 non
751 1789 845 1870 ipsius
859 1789 911 1852 sed
928 1789 978 1852 Dei
997 1789 1093 1852 soiius
1110 1811 1183 1874 pro-

196 1907 211 1944 n
237 1885 346 1966 prietas
365 1885 434 1945 sint.
451 1883 538 1944 Sic...
558 1887 674 1943 certum
689 1888 733 1941 est
746 1883 884 1942 Romano
898 1877 1034 1941 Pontifici
1049 1899 1179 1964 compe

196 1981 298 2034 utere
331 1971 481 2034 bonorum
513 1970 651 2033 omnium
688 1967 959 2031 ecclesiasticorum
989 1967 1178 2033 dominium.

196 2087 211 2122 u
237 2063 411 2142 Disputatur
425 2067 526 2122 autem
540 2078 578 2120 an
591 2060 628 2120 sit
641 2075 748 2120 eorum
762 2056 905 2121 dominus
918 2057 1061 2119 insti-icto
1070 2077 1178 2122 sensu.

236 2155 325 2214 2903.
342 2173 357 2209 r>
375 2151 391 2212 J
395 2157 464 2211 uxta
479 2155 628 2231 receptam
643 2147 823 2220 doctrinam,
840 2149 991 2211 bonorum
1004 2147 1177 2211 aCommu-

196 2264 212 2302 u
238 2239 381 2304 nitatibus
395 2237 542 2320 religiosis
554 2238 584 2299 in
598 2237 754 2299 communi
774 2255 981 2318 possessorum
1000 2235 1180 2300 dominium

196 2353 212 2392 a
236 2328 346 2392 residet
360 2327 502 2411 primarid
516 2345 609 2409 penes
620 2329 732 2402 Deum,
749 2325 927 2388 secundario
937 2343 1030 2407 penes
1043 2327 1179 2407 Papam,

197 2444 213 2485 a
238 2420 370 2482 tertiario
384 2437 478 2501 penes
492 2419 653 2499 ipsammet
669 2416 934 2478 communitatem.
953 2437 968 2474 a
988 2416 1119 2493 (Bonis,
1138 2419 1182 2480 ta

197 2509 353 2592 deputor„
369 2504 1182 2588 tom.Qp.271,272.)—Seddehthuaestioneside

198 2603 275 2665 inira
289 2599 416 2662 dicenda
431 2599 541 2676 (sart).

237 2697 327 2755 aaut.
351 2688 453 2761 Quoad
482 2685 652 2768 Religiones
680 2685 711 2747 in
742 2685 899 2748 communi
929 2683 1084 2767 possidere
1116 2705 1181 2751 nou

197 2783 343 2858 valentes,
359 2777 529 2842 dominium
543 2793 644 2838 rerum
660 2775 840 2838 donatarum
855 2773 965 2837 residet
979 2773 1061 2858 apud
1076 2777 1180 2840 Deum

197 2881 227 2935 ct
240 2872 320 2955 apud
335 2871 367 2934 S.
394 2867 582 2931 Pontificem.
604 2865 851 2938 Quidamtamen
874 2864 980 2928 dicunt
999 2863 1179 2930 dominium

197 2951 1178 3039 rerurnusuconsumptibiiiumremanereapuddonantcsdoncc

198 3052 255 3114 ittae
266 3068 313 3112 res
323 3051 338 3110 a
350 3048 489 3110 iratribus
498 3049 765 3128 sintoonsumptae.
778 3043 1041 3124 VidaBouixtib.);
1051 3045 1086 3106 P.
1098 3045 1179 3108 Gau-

198 3140 301 3214 trciet,
329 3136 354 3198 T
352 3135 430 3196 ruite
448 3135 482 3196 da
501 3135 583 3198 l'etat
599 3135 687 3216 reliq.
709 3141 793 3211 (tom.
819 3137 852 3206 t,
869 3151 901 3215 p.
916 3135 1072 3216 aas-amp
1094 3132 1178 3198 dicta

198 3246 288 3309 supra
303 3227 492 3304 (aradam)
507 3231 537 3286 et
547 3225 674 3287 dicenda
689 3227 799 3302 (5276).
1254 3273 1255 3296 ,

238 3321 328 3378 2905.
352 3315 405 3375 His
419 3314 600 3395 praemissis,
616 3313 745 3376 dicimus
769 3315 821 3376 1⁰:
839 3311 895 3375 nisi
910 3312 958 3376 lex
972 3311 1177 3376 ecclesiastica
1254 3321 1255 3360 t

198 3405 381 3470 contrarium
395 3403 545 3484 disponat,
557 3403 695 3480 religiosa
708 3403 927 3480 Communitas,
938 3403 992 3464 etsi
1004 3403 1034 3464 in
1045 3409 1080 3464 ca
1092 3403 1176 3465 nulia

197 3503 264 3557 vota
282 3503 333 3558 aut
355 3493 454 3556 soiiun
477 3491 624 3571 simplicia
643 3493 831 3566 amittantur,
847 3511 884 3554 ex
904 3491 1003 3574 seipsa
1014 3493 1065 3573 jus
1086 3491 1175 3554 habet
1254 3529 1255 3570 ᾗ

198 3583 311 3665 absque
325 3581 386 3646 ulla
406 3579 601 3643 concessione
618 3579 657 3641 ab
678 3580 812 3644 Ecclesia
832 3579 927 3654 tacte,
950 3597 1007 3644 sua
1026 3579 1175 3644 adminis-
1254 3571 1255 3576 ’

198 3672 297 3735 trandi
315 3671 396 3734 bona
411 3687 419 3730 ι
435 3669 511 3731 ratio
530 3673 577 3731 est
593 3671 667 3750 quia
682 3670 968 3748 ascenaentem
989 3669 1104 3753 porro,
1125 3668 1175 3734 ia·
