2522 3992
183 302 240 366 tta
404 319 541 368 annuens
560 322 662 370 ronna
681 325 762 374 runrs
783 327 931 387 canonici.

181 441 197 478 n
221 436 311 482 suurn
325 417 421 482 sortiri
436 467 443 496 ,
467 419 524 483 nisi
540 424 642 486 secuta
660 423 845 506 professione
860 449 868 504 ;
885 431 970 494 aliter
990 435 1060 498 verb
1080 437 1163 506 facta

182 530 196 569 o
221 508 346 583 (etiamsi
360 527 431 572 cum
445 508 536 589 hujus
550 510 658 576 favoris
672 518 813 595 expressa
827 521 1048 588 renuntiatione
1063 531 1159 594 etiam

182 617 197 656 a
220 597 325 676 jurata)
347 599 384 661 sit
406 598 488 660 irrita
510 605 541 662 et
562 601 675 664 nuliius
698 601 859 668 effectis...
885 609 943 670 Per
966 610 1029 676 haec
1052 621 1161 682 tamen

181 707 196 746 a
221 687 252 748 S.
268 687 407 769 Synodus
422 706 483 750 nun
498 688 624 752 intendit
637 691 750 773 aliquid
762 693 905 759 innovare
918 707 969 761 aut
983 703 1159 786 probibere,

182 796 196 834 a
219 776 293 857 quin
304 776 416 858 Religio
423 777 602 840 clericorum
610 781 853 858 Societatistesu,
863 787 1037 870 juxtapium
1046 811 1162 860 eorum

181 888 196 922 n
220 866 500 928 institutumbSede
509 868 677 949 Apostolica
687 871 898 952 approbatum,
910 879 1040 942 Domino
1050 886 1162 962 eteius

180 975 195 1011 n
220 953 359 1016 Ecclesia
375 955 516 1017 inservire
526 957 657 1037 possint:
669 959 722 1022 sed
730 979 828 1042 neque
838 971 907 1026 ante
918 967 1159 1054 Protessionem,

181 1065 195 1101 a
220 1051 344 1126 excepto
353 1043 432 1105 victu
442 1051 471 1105 et
479 1045 595 1122 vestitu,
607 1047 709 1110 novitii
718 1049 764 1110 vel
775 1050 893 1114 novitiae
905 1053 983 1118 illius
996 1063 1159 1142 temporis,

180 1153 194 1188 a
219 1150 280 1212 quc
294 1131 325 1193 in
346 1133 520 1213 probatione
534 1141 599 1211 est,
622 1155 816 1219 quocumque
831 1149 976 1221 praetextu
989 1148 1006 1208 a
1020 1155 1160 1229 parenti-

180 1241 194 1276 »
219 1219 274 1282 bus
287 1220 333 1283 vel
345 1223 522 1304 propinquis
536 1231 587 1285 aut
601 1227 787 1290 curatoribus
801 1232 882 1309 ejuS,
900 1239 1081 1300 monasterio
1095 1241 1161 1303 ati·

179 1331 193 1366 o
218 1309 339 1389 quidex
355 1311 442 1373 bonis
455 1312 590 1391 ejusdem
604 1313 772 1395 tribuatur,
798 1336 836 1380 ne
849 1318 907 1383 hae
920 1326 1079 1389 occasione
1094 1328 1161 1392 dis-

180 1419 193 1453 »
218 1398 324 1462 cedere
364 1409 494 1482 nequeat
531 1401 613 1484 qudd
643 1409 737 1466 totam
773 1407 819 1468 vet
855 1413 1000 1491 majorem
1034 1425 1158 1497 partem

179 1507 193 1542 o
218 1486 389 1551 substantiae
404 1509 466 1552 suae
486 1493 704 1555 monasterium
724 1496 894 1576 possideat,
920 1519 975 1564 nec
996 1503 1101 1581 tacite,
1129 1512 1158 1573 si

178 1597 192 1631 o
217 1575 400 1658 discusserit,
423 1579 453 1642 id
475 1599 652 1662 recuperare
667 1585 770 1664 possit.
794 1588 873 1658 Quin
896 1591 994 1671 potitis
1015 1598 1158 1679 pracipit

177 1687 191 1722 a
217 1665 247 1727 S.
264 1667 403 1747 Synodus
416 1669 473 1731 sub
491 1669 688 1733 anathematis
704 1676 793 1754 pent
807 1675 948 1740 dantibus
963 1689 992 1742 et
1004 1685 1157 1766 recipien-

177 1776 191 1812 o
215 1755 305 1834 tibus,
323 1776 360 1820 ne
376 1757 434 1820 boc
448 1758 509 1819 ullo
524 1759 614 1820 modo
629 1759 698 1838 fiat3
714 1769 745 1823 et
758 1769 792 1825 ut
804 1765 984 1832 abeuntibus
998 1780 1068 1835 ante
1083 1795 1157 1856 pru

176 1867 190 1900 o
215 1842 374 1908 sessionem
389 1847 491 1908 omnia
514 1848 707 1912 restituantur
727 1871 795 1932 qnae
819 1871 874 1916 sua
892 1865 987 1921 erant.
1011 1863 1097 1934 Qudd
1119 1875 1156 1929 ut

176 1953 190 1989 a
216 1933 377 2012 metebat,
393 1936 559 2018 Episcopus
573 1939 663 1998 etiam
678 1957 731 2020 per
754 1959 897 2008 censuras
910 1946 1152 2036 ecclesiasticas,

175 2041 190 2078 a
214 2023 238 2082 si
253 2041 329 2104 opus
343 2023 452 2102 tuerit,
467 2026 637 2107 compellat.
654 2049 668 2085 a

214 2111 284 2192 Legi
304 2119 399 2192 potest
412 2113 493 2194 apud
507 2117 542 2174 Ι).
560 2115 655 2177 Bouix
670 2117 778 2182 solutio
797 2123 930 2203 plurium
944 2132 1153 2210 quaestionum

175 2197 251 2260 hanc
265 2199 397 2262 Trident.
416 2201 515 2282 legem
530 2207 727 2284 spectantium
742 2209 808 2286 tib..
825 2232 855 2293 p.
872 2217 1024 2298 aaa-591).

214 2292 302 2350 aaut.
325 2291 359 2351 in
383 2291 672 2372 congregationibus
685 2303 751 2358 vota
770 2299 917 2365 solemnia
931 2323 992 2368 non
1008 2307 1151 2376 habenti·

172 2377 248 2455 bus,
263 2377 358 2440 valide
372 2378 436 2441 fieri
452 2387 579 2460 possunt
592 2385 609 2443 a
620 2385 741 2446 Novitiis
752 2387 930 2454 donationes
944 2401 974 2456 et
987 2401 1149 2466 renuntia-

172 2467 280 2545 tiones,
290 2467 475 2530 iuobservatt
487 2469 620 2532 trident.
634 2475 749 2536 Decreti
765 2475 872 2556 forma,
891 2483 961 2563 quia
976 2487 1150 2555 Concilium

171 2555 304 2638 loquitur
322 2558 421 2620 sotum
434 2557 472 2620 de
485 2558 648 2624 Ordinibus
661 2562 693 2624 in
711 2565 822 2646 quibus
842 2567 876 2629 fit
897 2575 1060 2653 Profecto,
1076 2599 1151 2660 quae

171 2646 202 2707 iu
216 2647 341 2708 strictori
356 2665 448 2710 sensu
465 2655 534 2710 vota
556 2653 697 2731 supponit
717 2654 874 2720 solemnia.
901 2659 976 2724 Vide
994 2665 1032 2726 D.
1050 2668 1149 2733 Bouix

171 2736 226 2812 (De
240 2736 394 2817 deputer..
410 2745 484 2800 tom.
502 2741 538 2817 t,
553 2758 584 2821 p.
600 2743 669 2820 599)
683 2763 691 2818 ;
708 2744 742 2806 Ρ.
760 2745 911 2812 Gautrclet
925 2749 996 2834 (Tr.
1011 2753 1047 2818 de
1061 2757 1149 2822 Γέται

169 2823 269 2906 solip„
285 2835 358 2888 tom.
375 2831 404 2904 l,
416 2847 448 2909 p.
460 2831 512 2898 85,
530 2827 601 2890 adit.
619 2833 717 2910 18t6).

208 2917 297 2977 2668.
320 2917 447 2988 Quando
467 2918 594 2980 novitius
608 2927 677 2982 ante
695 2922 913 3003 professionem
927 2935 1147 3008 testamentum

168 3019 229 3062 non
243 3003 393 3081 condidit,
409 3005 435 3066 ni
451 3006 643 3086 professionis
657 3009 688 3071 iu
703 3011 768 3090 ejus
785 3013 861 3077 bona
877 3026 906 3079 et
916 3019 986 3098 jura
1009 3027 1146 3090 succedit

169 3093 401 3170 monasterium,
413 3093 437 3153 si
447 3094 527 3156 Ordo
541 3095 576 3158 sit
590 3115 683 3178 capax
696 3101 867 3179 possidendi
883 3105 914 3167 in
927 3115 1101 3190 commuui;
1117 3119 1145 3180 si

167 3188 268 3242 autem
290 3180 370 3244 Ordo
392 3201 453 3242 non
476 3183 513 3244 sit
531 3203 624 3267 capax
647 3188 691 3250 sic
711 3191 899 3272 possidendi,
919 3205 1144 3283 consanguinei

167 3268 331 3331 succedunt
345 3268 430 3344 {Vide
444 3273 594 3350 Ferreus,
610 3286 640 3334 v⁰
654 3276 842 3358 Nouitr'ctus,
856 3292 888 3344 n⁰
904 3289 968 3358 53.)

205 3361 294 3420 2669.
318 3359 381 3422 Sub
394 3362 705 3427 excommunicatione
720 3367 809 3450 Papae
827 3380 992 3456 reservata,
1009 3379 1146 3461 prohibi·

167 3449 231 3504 tum
245 3454 289 3506 est
309 3465 347 3508 ne
365 3449 517 3528 regulares
531 3450 662 3531 aliquam
678 3460 814 3536 pecunias
832 3477 986 3528 summam
1000 3472 1018 3529 a
1032 3489 1145 3550 paren·

168 3531 245 3590 tibus
264 3535 362 3595 novitii
384 3537 504 3618 exigant
517 3557 571 3620 pro
585 3543 721 3606 convivio
733 3549 891 3612 occasione
907 3553 1077 3620 Vestitiouis
1091 3563 1142 3624 ret

166 3617 360 3682 Profassionis
374 3624 520 3688 iaciendo.
544 3627 588 3688 Ita
607 3629 725 3694 Extrav.
742 3633 833 3711 Sane,
848 3637 883 3700 de
896 3639 1041 3707 Simonid.
1061 3649 1141 3711 vide

167 3701 307 3788 Ferraris,
325 3709 380 3792 iu,
397 3717 487 3776 n·63.
