2486 3984
215 216 275 280 161
442 231 797 284 61661661666616161
812 233 963 284 cancrum.
1235 220 1236 271 l

214 371 272 414 nec
288 353 468 434 permittere
483 365 615 434 possunt
633 355 860 418 utconlessarii
874 362 961 416 extra
982 351 1064 416 illud
1093 371 1192 416 sacra-

216 455 356 504 mentum
380 443 556 505 absolvant.
576 444 737 518 Quatenus
753 445 826 508 verb
842 445 909 507 nee
926 443 1045 506 decisio
1066 461 1192 524 compo

215 535 317 592 nenda
331 534 453 593 sitourn
474 530 697 594 absolutione
691 554 721 595 ιιι
737 535 862 598 casibus
885 534 1022 596 occultis
1035 545 1065 594 el
1081 550 1192 612 urgen-

215 620 309 693 tibus,
328 630 412 702 patet
425 641 463 684 ex
473 622 541 701 jam
556 622 650 686 dictis
665 640 777 722 supra.

257 712 343 772 1656
363 711 436 770 Nota
456 713 489 771 2⁰
502 709 585 790 quod
600 729 655 772 nec
669 712 698 771 in
712 707 830 790 synodo
845 725 901 770 nec
914 713 998 768 extra
1011 705 1095 766 illam
1113 704 1191 778 Epis·
1235 752 1236 763 ι

216 797 285 877 66ρί
310 795 429 859 valeant
457 797 513 860 sibi
535 817 687 862 reservare
711 817 800 862 casus
821 814 944 860 summo
969 793 1111 856 Pontilici
1134 801 1190 872 jam
1235 832 1236 861 ι

216 893 393 962 reservatos,
416 887 472 948 nisi
489 895 638 969 quatenus
661 888 722 950 sint
733 886 857 959 occulti,
870 885 916 947 vel
931 884 1145 946 concernant
1138 900 1190 943 nn-
1235 886 1236 937 ι

216 975 333 1055 pedites
351 976 478 1038 Romam
500 976 593 1040 adire.
610 975 734 1040 Constet
754 975 892 1058 pluribus
913 971 1190 1045 declarationibus,
1234 1040 1236 1055 .

218 1063 258 1126 ait
271 1063 352 1126 card.
365 1066 492 1127 Gousset
504 1065 708 1146 (Hesperidon,
722 1074 796 1140 ele,
813 1075 847 1126 n⁰
861 1063 947 1140 313).
964 1062 1052 1125 llalio
1062 1069 1110 1123 est
1124 1059 1191 1142 quia
1235 1058 1236 1125 l

217 1152 393 1230 huiusmodi
417 1155 618 1218 reservatione
637 1155 723 1237 ligari
742 1153 894 1217 videretur
910 1151 1038 1213 facultas
1057 1150 1090 1211 S.
1109 1150 1190 1212 Sedis
1231 1162 1235 1217 1

217 1239 377 1322 delegandi
397 1250 574 1323 potestatem
599 1263 617 1306 a
642 1245 707 1307 suis
725 1240 980 1306 reservationibus
1005 1239 1188 1302 absolvendi.
1235 1268 1236 1273 ι

199 1331 288 1416 ΙΗι66
303 1339 404 1394 lamen
419 1332 573 1394 evidenter
587 1333 706 1396 obstare
728 1339 886 1414 nequeunt
900 1331 978 1412 quin
995 1329 1094 1391 valeat
1111 1331 1188 1408 Epis·

52 1445 69 1468 -·
218 1437 312 1498 oopus
328 1420 384 1480 sibi
400 1421 537 1500 prelatos
553 1441 641 1484 casus
656 1441 807 1485 reservare
822 1421 942 1500 quoties
956 1421 1111 1503 poenitens
1131 1437 1188 1481 non
1235 1460 1236 1499 3

105 1503 107 1506 ’
218 1509 345 1570 rncurnt
358 1527 502 1572 censuras
514 1511 629 1574 rrsdem
643 1531 787 1588 annexas
801 1528 874 1574 cunr
885 1511 1048 1573 nonsrnt
1051 1527 1113 1571 666
1126 1527 1189 1590 pro
1235 1504 1236 1507 ’

139 1679 143 1686 .
219 1597 386 1678 prienaeus
408 1599 538 1682 papales.

119 1685 126 1698 “
186 1751 191 1760 ,
262 1687 350 1752 1651.
366 1688 494 1753 Ν6163·
515 1687 601 1770 qnod
617 1685 827 1749 confessarius
849 1685 1048 1750 absolvensa
1074 1649 1236 1765 casibus

221 1755 313 1855 Papae
341 1783 434 1842 etiarn
463 1777 647 1854 simpliciter
673 1777 851 1849 reservatis,
871 1785 1015 1837 teneatur
1039 1772 1236 1857 impuner

222 1871 383 1946 prenireoti
413 1867 636 1948 obligationem
673 1867 775 1928 standi
800 1864 956 1926 mandatis
996 1863 1145 1925 Ecclesiae
1172 1875 1194 1921 rr

223 1957 349 2017 interim
379 1956 413 2018 R.
443 1953 476 2016 P.
507 1972 666 2016 recurrere
696 1955 777 2016 inlra
809 1973 948 2015 inensem
970 1951 1074 2034 (1611,
1102 1950 1193 2014 luit:
1235 1996 1236 1999 ,

223 2043 330 2116 Quoad
346 2043 455 2107 mortis
469 2045 649 2120 articulum,
662 2043 733 2104 ride
743 2062 838 2123 supra
854 2041 971 2124 (1611).

156 2170 161 2176 -
262 2131 350 2190 less.
376 2130 491 2208 Anaplls
504 2131 629 2210 quidem
645 2131 808 2212 privilegiis
818 2129 893 2191 olim
908 2127 1064 2208 regulares
1074 2123 1188 2204 gaude-

224 2215 297 2278 bant
322 2216 402 2278 circa
428 2219 650 2282 absolutionem
682 2237 881 2282 censurarum
909 2217 978 2280 Serli
1008 2214 1190 2295 Apostolioa

224 2315 465 2368 resrrralarnm:
494 2331 508 2367 r
524 2311 621 2384 Olim,
639 2311 736 2388 inquil
756 2311 787 2371 S.
805 2309 927 2388 Lignor.
946 2307 1003 2388 (lle
1019 2303 1191 2384 Prioileyr'ir

225 2405 259 2456 6ο
278 2397 340 2474 99),
359 2397 565 2460 mendicantes
580 2405 717 2479 poterant
731 2399 884 2460 absolvere
901 2396 1062 2458 saeculares
1076 2395 1116 2456 ab
1130 2413 1191 2454 om·

223 2505 239 2544 a
265 2485 353 2546 nibns
363 2488 517 2548 casibuset
528 2487 829 2550 censuris-reservatis
838 2495 900 2548 tarn
913 2506 930 2546 a
944 2483 1090 2547 l’onlilice
1102 2501 1189 2565 quarn

223 2595 240 2634 ι
264 2575 302 2634 66
316 2576 471 2655 Episcopis
486 2597 495 2652 ;
512 2577 564 2639 sed
578 2578 689 2640 deinde
703 2577 827 2639 decreto
842 2577 1005 2638 Clementis
1022 2575 1097 2646 Vlll,
1114 2592 1191 2634 anno

223 2684 240 2724 a
267 2669 365 2737 tour,
386 2665 601 2728 conlirmaloa
626 2667 718 2728 Paulo
739 2669 799 2730 V...
823 2675 853 2728 et
872 2666 994 2730 Urbano
1015 2664 1091 2738 vul,
1117 2681 1192 2723 anno

223 2773 240 2814 a
265 2759 379 2816 luat...
396 2763 539 2816 statutum
552 2755 606 2817 luit
617 2774 654 2816 ne
669 2756 821 2836 regulares
835 2765 917 2816 extra
932 2757 1063 2815 llomam
1077 2760 1106 2812 61
1120 2753 1191 2812 intra

224 2863 240 2904 a
265 2844 378 2904 ltaliam
395 2847 509 2924 possint
521 2845 673 2907 absolvere
684 2864 740 2908 nec
751 2867 767 2906 a
776 2845 897 2906 casibus
912 2845 1001 2904 bullae
1020 2841 1127 2918 Coruo,
1142 2859 1192 2902 neo

224 2953 240 3002 a
266 2933 376 2994 abaliis
387 2951 438 2995 ser
453 2935 669 3015 sequentibus:
683 2953 700 2996 a
716 2935 912 3015 percussione
924 2931 1038 3004 clerici,
1051 2949 1068 2991 a
1081 2929 1191 3003 duello,

224 3041 241 3082 a
266 3021 465 3085 ariolatione
492 3023 641 3086 clausura
670 3026 926 3086 monasteriorum
951 3019 1133 3082 monialium
1158 3017 1194 3081 ob

226 3130 392 3193 »pravum
406 3113 509 3187 linem,
527 3131 545 3174 a
563 3115 690 3175 simonia
701 3111 931 3176 conlidentiali
923 3130 954 3173 ιιι
972 3108 1149 3178 beneflciis,
1166 3113 1193 3169 et

228 3223 242 3266 a
266 3201 398 3281 denique
412 3201 450 3263 ab
469 3200 611 3265 omnibus
630 3203 749 3266 casibus
763 3219 840 3283 quos
858 3201 914 3264 sibi
934 3205 1091 3263 reservant
1106 3199 1186 3292 Epis·

232 3289 349 3370 scopi.
374 3313 387 3347 r

272 3411 287 3449 ι
309 3389 397 3450 Extra
413 3387 537 3464 ltaliam,
553 3389 593 3453 ait
607 3390 688 3452 idem
699 3395 821 3454 sanctus
833 3390 942 3453 Doctor
955 3389 1018 3466 (lib.
1036 3393 1069 3465 'l‚
1086 3400 1123 3450 n⁰
1135 3388 1195 3472 aa),

236 3495 250 3535 r
267 3477 334 3539 rel
328 3496 359 3538 rn
375 3479 465 3550 llrbe,
484 3487 516 3540 ut
527 3479 636 3541 dicitur
652 3482 682 3540 in
697 3481 820 3542 decreto
837 3481 1014 3553 Clementis,
1033 3479 1112 3541 bone
1129 3497 1198 3560 pos-

230 3584 246 3627 e
269 3575 340 3628 sunl
363 3569 515 3648 regulares
535 3567 690 3630 absolvere
710 3569 750 3631 ab
770 3569 913 3631 ornnibus
936 3566 1076 3630 censuris
1093 3587 1163 3648 quae
1184 3583 1199 3628 a

231 3676 245 3717 o
266 3657 334 3737 jure
354 3665 424 3721 sunt
446 3655 777 3738 Episropisreservalae.
796 3657 1094 3738 suscepissem,
1109 3667 1144 3719 61
1161 3657 1199 3718 611
