2486 3984
402 228 487 276 arura
508 227 625 278 antuus.
952 215 1007 282 111

36 339 210 427 contigerit,
222 356 383 422 nunquam
397 340 509 406 debere
523 345 574 405 aut
584 357 672 424 posse
682 338 900 422 comprehendi
913 340 1013 408 lacul-

36 441 159 496 talama
184 430 345 493 reservatis
366 431 504 494 Romano
526 430 665 494 Pontifici
686 429 880 506 absolvendi,
905 432 961 495 nisi
974 431 1013 498 de

38 541 72 586 ee
86 541 120 583 re
131 519 287 588 iorrnalis,
304 518 455 600 explicita,
471 537 506 583 ac
521 518 676 582 individua
691 520 806 582 mentio
820 518 898 583 iacta
911 519 1011 587 luerit.

77 614 169 676 tote.
191 609 327 672 Tunrlem
338 608 474 672 decernit
488 611 610 671 irritum
623 617 711 692 atque
724 613 813 672 inune
833 629 890 672 esse
901 629 937 672 oc
950 611 1016 686 sors

39 697 192 785 quidquid
202 717 290 779 super
310 697 358 760 bis
375 717 571 782 equaquam,
589 698 693 781 quouis
714 699 902 777 auctoritate,
925 699 1015 762 etium

37 797 189 872 protextu
211 785 370 867 cujuslibet
382 786 559 870 1ρήυίἱρρίἰ,
578 795 633 851 out
654 786 872 849 comnotudinis
888 787 1018 852 inducto

42 879 90 941 uel
105 875 285 951 inducendo,
299 895 388 960 quani
402 877 521 940 abusum
530 893 598 951 carc,
607 875 1017 958 inquit,decloronms,scicn·

42 977 89 1032 ter
102 966 149 1030 ccl
161 967 341 1048 icncrnntcr
352 967 509 1048 contr'qcrit
522 965 700 1028 obtenturi...
714 965 784 1029 Non
798 965 1015 1032 obstantibus...

42 1055 226 1140 quibuslibet
251 1053 515 1129 ordinationibus,
540 1055 814 1129 constitutionibus,
833 1057 1016 1138 priuilcciis,

43 1149 134 1210 etium
160 1143 286 1226 smcioli
303 1151 331 1206 el
352 1143 511 1208 indiuiduo
528 1144 674 1206 mentione
687 1143 799 1224 dionis,
822 1165 932 1208 necnon
947 1165 1017 1208 con·

43 1233 253 1298 suetudinibns
265 1233 430 1315 quibusvis,
452 1233 542 1296 ctiam
557 1233 832 1307 imnumoriulibus,
850 1236 1019 1318 carensque

46 1324 212 1386 contrariis
225 1323 463 1405 animorumque.

86 1417 176 1476 1616.
201 1411 335 1474 Praeiatis
349 1414 469 1475 casibus
484 1413 611 1474 Summo
625 1409 764 1475 Pontillci
778 1413 933 1475 reservatis
944 1431 1018 1495 pro-

47 1509 113 1586 ptor
127 1503 476 1564 excommunicationem
492 1503 564 1584 ipsis
588 1519 752 1565 annexam.
775 1503 960 1580 adjiciendus
973 1507 1020 1566 csl

47 1593 140 1656 etiarn
161 1591 210 1652 ille
230 1592 318 1668 cuius
342 1591 537 1652 meminimus
558 1608 650 1671 supra
665 1591 769 1670 (1603)
785 1591 838 1671 qui
855 1592 1019 1653 incurritur

45 1681 164 1758 absque
179 1697 307 1742 censura
323 1680 361 1740 ab
384 1680 419 1742 iis
433 1681 484 1762 qui
500 1679 576 1741 tatso
591 1684 736 1740 accusant
750 1677 788 1739 de
810 1679 1020 1742 sollicitatione

47 1768 238 1832 sacerdotem
253 1769 412 1831 innoxium
426 1767 506 1849 apud
518 1767 875 1850 judiccsecclcsiasticos.
891 1769 952 1830 sive
968 1787 1020 1848 per

46 1860 165 1938 seipsos
174 1859 235 1920 sire
248 1877 303 1940 par
316 1859 400 1921 alios.
417 1859 473 1920 l'er
486 1857 740 1920 constitutionem
753 1857 835 1918 enirn
846 1858 1024 1940 Aptistolicor

46 1947 148 2021 Sedis,
171 1949 242 2011 Pius
261 1949 299 2010 tx
322 1963 483 2010 nurnerum
507 1951 627 2008 lantum
645 1963 843 2008 censurarum
868 1965 930 2010 non
953 1963 1024 2010 vero

45 2055 179 2101 casuum
204 2045 425 2099 nosocomorum
448 2035 586 2098 minuere
610 2035 761 2096 intendit:
789 2037 928 2115 proinde,
952 2037 1021 2100 licet

46 2132 234 2210 praesentem
253 2144 357 2190 casum
373 2134 480 2201 taceat,
494 2143 555 2188 non
575 2123 645 2186 inde
658 2123 800 2186 concludi
817 2134 911 2204 potest
924 2127 1023 2206 ipsum

43 2218 156 2280 tollere
181 2215 312 2280 voluisse
330 2217 473 2278 cumdem
498 2231 634 2278 casurus
663 2214 826 2276 Benectcto
844 2213 908 2277 XlV
931 2216 1020 2294 Papae

44 2312 237 2368 reservatum
255 2322 308 2384 per
330 2305 456 2368 Constit.
474 2303 721 2380 Sacramentum
736 2302 835 2366 adhuc
849 2323 923 2385 erge
935 2323 1024 2370 casus

45 2396 102 2458 isle
117 2399 260 2456 remanet
275 2402 442 2455 reservatus
456 2394 487 2456 S.
505 2392 586 2456 Serti.

85 2487 180 2548 lbl'l.
205 2483 348 2556 Quamuis
373 2491 418 2545 sot
442 2483 596 2546 numerosi
620 2482 681 2545 sint
707 2501 800 2565 suprs
824 2483 909 2546 relati
933 2503 1020 2546 casus

47 2577 181 2639 Summo
200 2573 337 2635 Pontifici
359 2573 511 2650 reservati,
527 2571 749 2636 observandum
764 2581 809 2634 est
826 2581 928 2635 tamen
944 2573 1026 2656 (ruod

49 2665 204 2728 rarissime
223 2667 378 2746 contingat
401 2663 563 2726 necessitas
582 2663 756 2726 recurrendi
772 2663 809 2725 arl
826 2665 1027 2742 apostolicum

49 2757 158 2819 Scrlern
170 2772 228 2836 pro
242 2753 561 2816 illorumalrsolutione
570 2775 580 2830 ;
591 2764 623 2816 et
638 2756 666 2815 id
682 2754 805 2834 quidem
820 2774 826 2814 :
841 2759 870 2816 l·
883 2753 951 2834 quia
966 2772 1027 2816 non

48 2855 331 2920 resurrectionum
350 2852 487 2923 excepto,
515 2845 570 2906 nisi
592 2844 718 2924 'quando
742 2863 870 2906 censura
893 2841 1026 2907 incurri-

49 2943 97 2996 tur
112 2936 243 3016 (teum
263 2953 354 3016 porro
370 2935 470 3007 molli,
486 2932 526 2994 ob
548 2934 763 3013 ignorantiam,
778 2951 939 2996 occisuram
966 2953 1026 2998 non

50 3025 229 3099 incurrunr;
251 3029 284 3086 2·
305 3023 377 3106 quia
391 3041 479 3086 casus
490 3023 621 3095 occulti,
637 3025 760 3105 quando
782 3043 843 3086 non
867 3026 965 3104 agitur
988 3025 1027 3088 de

49 3113 420 3177 excommunicationibus
450 3113 576 3194 speciali
608 3111 693 3176 modo
728 3113 816 3194 Papae
850 3115 1025 3186 reservatis,

45 3202 165 3261 remitti
196 3207 329 3280 possunt
351 3197 417 3259 sela
443 3195 642 3276 delegatione
673 3192 854 3272 Ordiuarii;
895 3193 929 3256 3υ
957 3215 1032 3276 quia

47 3307 172 3371 semper
188 3289 308 3370 patebit
323 3307 468 3350 recursus
482 3305 536 3366 per
547 3285 713 3363 epistolam
727 3303 736 3361 ς
748 3291 777 3345 1·
790 3284 933 3358 deinum,
946 3288 1030 3363 quia,

48 3381 87 3440 elr
113 3379 297 3458 t'rcqueutcr
324 3387 524 3441 occurrentes
554 3389 700 3457 urgentes
737 3393 839 3442 casus,
872 3377 1031 3439 alisotutiu

53 3470 183 3546 paterula
210 3481 238 3530 et
263 3467 436 3528 obtinenda
463 3467 520 3528 erit
548 3483 565 3528 a
594 3483 796 3547 quiscumque
825 3465 1030 3538 conl'essario,

52 3575 179 3620 recursu
220 3559 335 3619 sleinde
367 3557 475 3618 liabito
502 3553 583 3618 inira
604 3572 757 3631 incusem,
784 3559 818 3614 ut
845 3552 1029 3626 monuimus

55 3661 145 3727 supra
161 3647 276 3730 (tort).
