2534 3996
460 260 548 316 clean
568 269 687 319 ramus.
1001 243 1057 321 aar

87 367 131 430 nit
144 365 175 429 S.
193 366 362 448 Ligneum,
374 367 490 450 reliquo
504 377 639 452 tempore
653 374 724 435 anni
739 372 903 436 resederint
910 373 1002 456 (quod
1016 379 1059 438 ta·

89 460 194 519 mena
214 457 394 537 quibusdam
415 459 569 540 negatur),
592 460 645 522 sed
668 481 727 523 non
749 462 902 525 lucrantur
919 462 1059 527 distribu-

89 545 198 608 tiones.
215 549 256 608 lta
270 548 484 620 communiter,
500 565 548 630 op.
565 548 678 612 Rened.
692 552 755 612 xlv
767 550 879 630 (ibid.);
891 553 922 614 S.
939 551 1057 633 Lignor.

89 634 145 696 lib.
166 640 201 706 l.
226 639 260 697 ηο
282 639 350 714 tau,
374 645 403 696 v·
422 635 626 700 Cooonier'.-
645 639 792 702 Absentes
814 648 976 703 censentur
999 659 1060 703 non

91 725 191 786 solum
206 725 257 805 qui
268 725 378 787 absunt
391 726 545 801 incivitate,
556 727 607 789 sed
619 727 708 790 eoam
723 729 774 809 qui
789 728 883 792 choro
897 747 958 792 non
974 729 1061 792 inter·

91 822 174 876 sunt.
192 816 233 876 lta
246 816 278 876 S.
297 815 330 876 C.
353 815 459 892 Cone,
483 833 565 877 anno
591 819 667 878 1573
693 817 816 894 turned.
832 820 909 892 XIV,
930 819 1058 897 ibidem).

132 907 222 965 2354.
246 905 312 964 Non
341 907 458 966 tantum
493 905 544 986 qui
567 905 645 968 ultra
673 913 734 968 tres
756 925 875 970 menses
903 908 1062 972 continuos

91 992 205 1055 absunt
225 995 241 1054 a
261 992 372 1068 choro,
389 994 429 1056 rei
449 1002 517 1056 sunt
539 993 613 1076 legis
633 994 820 1069 residentiae,
835 995 888 1058 sed
906 998 995 1060 ctiam
1010 995 1061 1079 qui

93 1081 173 1144 ultra
193 1089 253 1144 tres
279 1100 398 1144 menses
419 1081 614 1144 diseontinoor
638 1102 698 1145 non
725 1083 922 1147 deserviunt:
953 1087 1063 1155 «Satis

92 1194 108 1230 u
133 1189 219 1245 csse,
235 1171 329 1253 inquit
344 1173 374 1233 S.
386 1173 418 1233 C.
439 1174 545 1248 (lonc,
559 1171 640 1255 qudd
650 1171 714 1235 dics
723 1173 877 1248 absentiae,
888 1193 1062 1256 quanquam

94 1282 109 1318 u
135 1260 321 1342 interpolati,
352 1269 494 1342 superent
516 1262 664 1324 trimestre
688 1283 704 1320 r
730 1261 820 1342 (apud
849 1262 960 1326 Bened.
986 1265 1062 1343 xlv,

95 1349 172 1412 luat.
196 1353 274 1426 tul);
294 1350 346 1412 sed
365 1373 380 1408 u
396 1349 473 1412 benc
487 1358 614 1431 possunt
627 1349 783 1426 canonici,
796 1353 881 1431 juxto
894 1355 924 1415 S.
941 1352 1062 1433 Limror.

95 1461 110 1498 u
135 1439 197 1515 (lib.
215 1444 245 1514 t,
262 1429 367 1501 mlii).
382 1448 412 1498 v⁰
424 1438 574 1516 canonici)
585 1440 769 1518 conjungere
779 1441 926 1504 trimestre
940 1459 1064 1504 conces-

95 1551 111 1587 »
136 1547 205 1591 sum
225 1547 296 1592 cum
310 1527 449 1590 trimestri
464 1529 535 1589 anni
556 1529 763 1610 sequentis...‚
780 1529 874 1594 nisi...
891 1529 1065 1594 scandulum

95 1640 112 1678 r
136 1617 285 1693 obveniat,
298 1619 351 1680 'aaut
364 1617 462 1679 cultus
475 1615 594 1678 (lirinus
608 1618 771 1680 minuatur.
787 1639 803 1676 o

137 1712 227 1771 2355.
251 1710 284 1770 ln
306 1706 516 1788 computandis
536 1716 636 1769 autern
653 1723 759 1768 novem
776 1706 944 1772 residentia
959 1715 1067 1774 mensi·

97 1801 166 1876 hus,
190 1815 250 1861 non
268 1803 339 1860 suut
354 1795 548 1858 numerandae
569 1795 671 1872 horae,
687 1795 738 1857 scd
754 1796 818 1858 dies
836 1802 963 1861 tantum.
985 1803 1015 1863 S.
1033 1802 1065 1863 G.

98 1891 191 1950 Conc.
202 1885 297 1968 ,apud
313 1886 407 1948 Bouix
425 1886 479 1963 (tu
493 1885 639 1967 Capitol,
649 1905 679 1968 p.
692 1885 941 1966 aomdeclararit,
956 1893 991 1950 tr
998 1891 1065 1969 jun.

98 1981 176 2040 1594
190 1995 197 2038 :
218 1975 288 2036 uad
302 1974 544 2038 constituendum
558 1976 710 2038 servitium
722 1995 828 2038 norem
841 1980 990 2040 mensium
1008 1997 1068 2042 uon

98 2090 114 2126 r
139 2085 204 2130 ease
218 2065 400 2148 colligendas
414 2073 622 2147 punctaturaS,
641 2067 726 2147 quasi
743 2065 827 2147 liqui
848 2086 955 2130 noveru
972 2076 1069 2149 partes

97 2179 114 2216 r
139 2163 386 2238 punctaturarum
396 2173 431 2216 ex
446 2154 606 2218 duodecim
627 2174 695 2236 quae
711 2175 746 2217 cx
761 2155 880 2218 servitio
893 2157 983 2220 totius
997 2158 1067 2220 anni

98 2269 114 2306 r
138 2245 307 2308 conllantur
317 2243 511 2306 deserviendo
519 2243 787 2320 tulerint‚scrvitio
798 2263 904 2307 novem
919 2246 1068 2308 mensium

98 2358 114 2394 r
138 2335 241 2398 debito
254 2333 468 2409 satisfecerint3
483 2332 536 2394 sed
551 2333 631 2414 ipsos
643 2333 708 2394 dies
722 2333 890 2396 residentia
899 2343 928 2396 et
941 2335 1068 2413 seruitii,

99 2447 115 2484 u
139 2425 201 2486 sive
212 2423 346 2486 continui
361 2421 485 2495 luerint,
502 2422 563 2484 sire
577 2421 757 2503 interpolati,
771 2423 974 2485 numerandos
988 2441 1068 2490 esse.

100 2523 173 2577 rut
200 2529 360 2575 numerum
388 2509 532 2592 impleant
558 2510 707 2574 dictorum
734 2529 842 2574 liorem
865 2513 1067 2573 mensium.»

100 2601 176 2666 vide
190 2602 279 2665 etiam
294 2603 324 2664 S.
344 2601 465 2682 Lignor.
482 2599 545 2678 (tib.
560 2605 596 2678 l,
613 2603 647 2662 n⁰
662 2605 745 2677 129),
760 2608 790 2662 et
809 2600 942 2661 Ferraria
956 2603 995 2676 tv·
1011 2599 1070 2662 Co·

99 2693 265 2762 nunicotur,
291 2698 347 2753 art.
371 2697 408 2766 5,
431 2691 471 2752 n¹·
492 2694 511 2752 5
530 2695 561 2751 ct
581 2690 622 2768 6).
647 2723 687 2736 -
705 2689 784 2751 Note
808 2687 890 2771 quod
915 2689 1071 2750 immemo·

102 2782 202 2844 rabitis
220 2780 407 2844 consuetudo
434 2797 495 2842 non
518 2783 642 2840 excuset
664 2779 832 2840 Canonicus
850 2776 1071 2843 Cathedralium

103 2879 132 2934 et
151 2870 378 2952 Collegiatarum
400 2869 566 2950 insignium
584 2871 602 2929 a
623 2867 805 2930 residentia:
826 2866 903 2930 bene
925 2868 1071 2930 tamenin

104 2959 271 3041 collegiatis
294 2977 355 3021 non
378 2957 546 3040 insigrrjbus
568 2961 598 3018 et
623 2957 792 3036 ruralium,
815 2956 848 3020 in
869 2955 979 3038 quibus
995 2957 1072 3020 adeo

103 3055 207 3112 tenues
221 3051 289 3111 sunt
301 3047 433 3110 redditus
447 3055 479 3109 ut
493 3045 633 3108 Canonici
649 3045 769 3108 aliunde
788 3064 849 3108 non
865 3046 1018 3118 habentes.
1034 3065 1071 3109 cx

103 3139 246 3202 iiurirore
258 3146 417 3218 nequeant.
432 3135 572 3202 Ferraria.
584 3139 614 3196 νῦ
630 3134 832 3204 Cononicotus.
844 3143 899 3198 art.
912 3141 943 3210 5,
958 3145 989 3196 n⁰
1001 3140 1069 3197 ltu.

141 3231 231 3290 2355.
255 3229 376 3299 Quaerit.
404 3231 433 3287 l·
459 3229 505 3286 An
533 3231 563 3286 ct
585 3232 735 3305 quotenus
761 3225 930 3306 requiratur
953 3224 1073 3286 licentia

103 3315 242 3399 Epacopi
267 3317 304 3378 ad
325 3315 489 3378 absentiam
509 3315 665 3375 trimestris
683 3315 698 3374 i
714 3315 889 3376 'tridentino
907 3311 1072 3375 concessi?

144 3403 307 3488 Respondit
331 3406 466 3486 negativo
486 3405 517 3466 S.
543 3405 653 3483 Congr.
675 3403 810 3472 Concilii,
826 3421 906 3464 anno
930 3401 1072 3477 1581‚in

104 3498 193 3559 musa
207 3495 371 3567 nauteam
389 3503 491 3577 postea
510 3499 610 3554 tamen
624 3493 742 3554 censuit
756 3493 866 3574 requiri
888 3491 965 3552 lranc
979 3491 1071 3553 licen·

104 3585 176 3648 tium
194 3583 317 3666 quando
338 3583 479 3646 canonici
499 3583 604 3646 abesse
624 3583 729 3644 volunt
744 3591 832 3644 entra
845 3580 1003 3650 diocesim:
1019 3577 1072 3642 sed

106 3693 167 3740 nou
188 3675 298 3739 debere
325 3674 509 3760 Episcopum
531 3671 634 3752 illum,
657 3671 772 3754 absque
794 3667 961 3734 rationabili
981 3667 1071 3732 causi

222 3796 253 3846 π,
267 3794 302 3845 11.
896 3775 933 3836 ll
