2522 3996
423 322 509 368 elaea
529 320 646 367 antuus.

425 512 578 570 PUNCTUbl
608 514 649 571 Vl.

195 685 232 732 DE
252 685 521 733 tnmlsrberlotte
535 687 700 732 Tauronem
721 685 885 732 PAROClllAE.

80 869 81 872 ’
103 868 184 928 teos.
204 885 219 925 a
233 865 318 928 Bona
331 865 524 928 ecclesiarum
538 871 566 928 et
580 867 758 929 elericorum
773 883 876 928 esse...
890 876 1027 944 exempta

70 975 83 1012 ι
102 954 332 1034 ljurisdictione
346 956 494 1036 Principis
508 956 668 1030 saecularis,
685 973 797 1037 magno
819 957 939 1016 Petrum
954 971 1027 1014 eon-

70 1063 83 1100 ι
103 1061 222 1106 sensu...
234 1043 419 1106 declaratum
433 1053 478 1105 est
492 1046 560 1106 in...
577 1045 709 1107 Concilio
723 1043 859 1107 Generali
875 1043 931 1105 sub
941 1043 1029 1103 lnno-

70 1153 83 1190 n
102 1133 193 1195 centio
216 1135 264 1202 lll,
283 1152 349 1215 cap.
368 1139 406 1196 tl
422 1137 485 1213 (seu
511 1134 540 1195 in
556 1153 621 1215 cap.
640 1135 712 1197 Cum
727 1133 820 1202 laicis,
837 1132 871 1194 dc
889 1131 949 1220 reb:
966 1131 1028 1192 Ec-

70 1242 82 1276 r
102 1221 266 1282 cleriorum
279 1223 423 1301 alim)...
438 1229 468 1284 et
481 1223 559 1284 hanc
577 1243 697 1304 quoque
719 1222 941 1304 exemptionem
963 1238 1029 1282 esse

70 1331 82 1366 r
102 1307 136 1370 de
147 1313 213 1391 iure
226 1311 330 1374 divino
344 1318 458 1376 constat
473 1311 624 1374 evidenter·
637 1331 710 1374 ex...
723 1332 788 1393 cap.
807 1311 977 1392 Quanquam
995 1307 1030 1372 da

70 1421 82 1454 r
102 1399 261 1463 censibus...
279 1401 351 1463 ibid.
364 1435 404 1448 —
416 1402 490 1464 Cam
505 1402 602 1482 ipitur
614 1400 756 1464 Ecclesiae
775 1399 1030 1480 ecclesiasticaeque

70 1509 82 1542 r
100 1508 240 1569 mamre,
259 1511 295 1552 cc
310 1511 355 1554 res
375 1491 523 1572 ipsarum,
537 1510 593 1551 nou
606 1491 698 1552 solium
707 1491 782 1570 jure
798 1491 940 1561 bumana,
958 1486 1030 1568 quin

71 1597 83 1632 r
104 1577 156 1638 imri
168 1588 196 1640 et
209 1579 310 1641 diuino
321 1579 339 1640 ἀ
352 1579 536 1641 saecularium
549 1580 749 1642 asertionibus
762 1579 822 1642 sint
837 1579 1029 1656 immunes...,

74 1689 84 1716 r
103 1663 169 1730 hinc
186 1669 324 1750 sequitur
344 1676 376 1730 ut
395 1669 538 1750 Princeps
562 1669 713 1730 saecularis
727 1667 841 1730 nullam
862 1667 917 1726 sibi
933 1673 1032 1728 aucto

73 1775 83 1804 r
103 1757 213 1818 ritatem
226 1765 279 1820 aut
291 1757 531 1835 jurisdictionem
549 1759 581 1818 in
595 1757 746 1836 ecclesias,
759 1771 903 1838 personas
915 1761 944 1816 et
954 1754 1031 1820 bona

71 1863 81 1894 r
101 1841 274 1928 hujusmodi
286 1845 380 1927 possit
392 1845 580 1909 vindicare...
595 1847 720 1911 Unde...
738 1843 864 1907 insertur
879 1851 911 1906 nl
927 1861 1033 1906 omnes

73 1960 83 1989 ι
105 1929 180 2013 leges
194 1953 263 2017 quae
279 1934 429 1997 habentur
446 1936 477 1996 in
491 1935 584 1997 titulis
597 1935 714 1998 Codicis
729 1939 850 2015 (nempe
863 1933 1032 2016 iustiniani)

70 2041 83 2077 r
104 2019 139 2082 de
152 2024 349 2086 sacrosanctis
362 2023 506 2101 ecclesiis,
518 2023 557 2086 dc
571 2025 725 2106 Episcopis
744 2031 773 2085 et
787 2024 941 2086 clericis...
963 2043 1032 2086 cum

70 2129 83 2164 r
105 2109 262 2179 similibus.
273 2131 336 2176 non
350 2112 466 2174 valeant
479 2131 515 2174 ex
525 2111 643 2175 delectu
656 2115 845 2194 potestatis...
858 2113 934 2172 llinc
944 2114 1033 2172 etiam

72 2219 84 2252 r
104 2197 135 2258 bl
147 2209 180 2262 ut
193 2202 279 2264 nulla
293 2201 366 2263 ratio
380 2201 517 2263 habenda
530 2203 568 2262 sit
581 2201 777 2264 solemnitatis
795 2201 833 2263 ab
851 2203 1033 2282 Imperatore

73 2289 281 2352 »introducta
305 2290 336 2351 in
357 2289 536 2352 alienatione
566 2290 714 2354 bonorum
737 2291 916 2352 Ecclesiae...
945 2289 1033 2367 Ejus·

72 2397 85 2430 r
106 2378 182 2440 modi
196 2385 301 2440 autem
315 2378 432 2459 legibus
441 2377 516 2440 sacri
530 2397 660 2442 canones
674 2379 866 2440 vehementer
880 2377 1032 2454 resistunt,

73 2487 85 2520 r
107 2465 143 2528 ita
161 2475 195 2529 ut
208 2486 317 2530 earum
330 2467 501 2530 conditores
514 2472 604 2530 etiam
619 2468 772 2530 sententiaa
792 2469 1035 2530 excommunica-

74 2575 86 2608 r
107 2555 191 2618 tionis
204 2557 419 2636 subjaceant.»
431 2559 474 2619 lte
487 2558 635 2638 Pugnan,
650 2575 699 2639 ap.
714 2557 818 2628 Bonis,
835 2557 880 2619 De
894 2557 1035 2636 Paroria,

76 2659 100 2721 p.
115 2647 170 2710 ote
185 2653 214 2708 et
228 2650 300 2709 fill.

108 2735 201 2798 Etiam
214 2735 351 2800 Concilio
358 2735 535 2800 Tridentino
548 2735 653 2798 nititur
661 2735 726 2798 haec
735 2735 871 2796 doctrina
882 2753 890 2795 t
902 2736 945 2798 sic
954 2736 1037 2798 enim

76 2817 173 2902 legitur
190 2843 266 2888 sess.
290 2829 346 2899 22,
361 2845 428 2908 cap.
451 2829 485 2888 ll
504 2847 512 2888 :
533 2847 548 2885 a
567 2827 597 2888 Si
618 2843 709 2907 quem
724 2825 903 2887 clericorum
924 2827 969 2888 vel
985 2827 1038 2888 lai-

76 2931 88 2964 r
110 2930 211 2977 corum
234 2918 428 2998 quicumque
451 2916 476 2977 is
505 2914 670 2996 dignitate,
696 2915 785 2976 etiam
813 2915 959 2997 imperiali
986 2921 1038 2980 aut

78 3021 89 3054 r
111 3005 198 3083 regali
215 3005 400 3087 praefulgeat,
416 3005 447 3067 in
461 3012 617 3067 tantum...
632 3004 778 3085 cupiditas
792 3007 990 3086 occupaverit,
1006 3012 1038 3070 ut

77 3109 89 3144 r
110 3090 234 3172 alicuius
247 3093 391 3170 ecclesiae,
406 3112 459 3156 seu
477 3095 644 3172 cuiusvis...
661 3093 835 3156 beneficit...
851 3095 1040 3177 aliorumque

78 3199 90 3232 r
112 3179 229 3258 piorum
244 3182 378 3244 locorum
391 3182 649 3261 iurisdictionem,
665 3181 780 3244 bona...
804 3202 840 3245 ae
852 3185 970 3262 jura...‚
987 3202 1040 3264 per

79 3289 90 3322 r
112 3287 142 3330 sc
154 3271 200 3332 rel
217 3271 341 3345 alios...‚
357 3276 549 3352 qudcumque
567 3281 629 3334 arte
644 3281 694 3334 aut
707 3291 900 3353 quocumque
914 3275 1039 3352 quesite

79 3375 91 3410 r
112 3357 261 3438 colore...‚
276 3377 421 3443 usurpare
436 3363 673 3442 praesumpserit,
684 3380 737 3423 scu
753 3361 895 3442 impedire
907 3381 942 3421 ne
954 3363 991 3419 ab
1003 3361 1039 3422 iis

71 3465 92 3500 c
112 3445 151 3506 ad
170 3466 239 3528 quos
266 3448 341 3530 jurei
368 3451 520 3532 pertinent
543 3452 770 3532 percipiuntur.
803 3451 827 3511 is
859 3450 1039 3526 anathemati

81 3551 94 3588 a
115 3536 225 3598 lamdiir
239 3537 391 3617 subjaceat
406 3538 550 3620 quamdin
563 3540 800 3618 iurisdictiones,
817 3539 933 3598 bona...
949 3539 1042 3597 eccle·

83 3639 97 3678 a
116 3627 165 3685 sire
174 3627 698 3707 ejusqueadministratori...integre
707 3629 879 3700 restituerit,
889 3644 923 3684 nc
933 3622 1042 3682 deinde

84 3725 98 3766 t
117 3712 134 3772 t
154 3715 288 3780 Murano
304 3717 450 3780 Pontillee
462 3718 683 3782 absolutionem
696 3715 896 3778 obtinuerit...
912 3707 1043 3770 ctericus
