2522 3996
118 217 130 227 fl
152 211 216 232 '3⁷4-
237 210 253 220 ιι

472 259 557 306 uruca
578 259 696 308 antuus.
1027 242 1067 302 ts

131 365 220 424 1312.
244 361 322 423 Cura
338 359 511 424 animarum
531 358 672 421 dividitur
685 357 784 420 adhuc
798 356 829 418 in
844 356 1023 418 habitualem
1037 363 1067 419 et

90 451 237 512 actualem
245 469 257 511 :
274 449 324 512 iile
340 448 452 512 dicitur
464 465 569 511 euram
585 447 730 510 duntaxat
743 445 924 508 habitualem
936 445 1064 516 hahere.

90 540 141 621 qui
164 557 234 601 earn
257 557 316 600 nori
332 555 477 599 exercens
496 553 552 599 nec
576 537 667 598 etiam
690 537 792 598 ualens
809 552 963 606 exercere,
978 533 1068 598 debet

90 636 192 690 tamen
214 625 372 706 prouidere
397 633 431 687 ut
454 643 506 706 per
532 625 625 687 alium
649 630 845 698 exerceatur,
861 631 950 706 prout
971 624 1068 686 euenit

90 715 214 798 quando
223 715 358 796 Cupitulo
371 733 486 775 aeneae
495 721 540 775 est
553 731 626 775 cura
635 714 817 776 animarum.
829 712 985 775 Aetuulem
997 713 1068 775 uero

90 802 180 866 habet
194 803 247 886 qui
260 803 300 865 de
319 801 396 864 lacto
417 817 484 864 cam
499 801 658 864 exercendi
671 803 721 881 jus
735 799 876 884 possidet.
892 799 1067 863 011111111-

92 893 181 954 tuulu'a
197 909 260 955 non
280 892 388 954 suflicit
402 898 437 952 ut
449 891 518 972 quis
540 909 625 952 uerus
638 889 755 952 dicatur
771 888 917 972 parochus
929 907 942 952 .·
956 887 1068 970 quippe

92 999 148 1044 uec
168 983 262 1043 etiam
277 982 328 1059 jus
348 979 465 1043 confert
480 979 708 1040 administrandi
725 996 793 1060 quae
811 985 882 1040 sunt
900 977 1069 1040 necessaria

91 1069 127 1132 nd
142 1071 283 1132 salutem.
303 1069 528 1151 «Exploratum
543 1068 574 1130 in
588 1069 749 1147 jureest...
763 1067 838 1130 dum
848 1066 974 1148 erigitur
986 1067 1066 1128 vica·

91 1179 106 1216 ι
131 1157 174 1220 ria
190 1165 352 1240 perpetua,
368 1156 550 1219 habitualem
567 1174 673 1219 curam
691 1156 823 1220 residere
837 1155 960 1236 quidem
974 1155 1068 1236 penes

91 1267 107 1304 u
130 1247 324 1328 Capitulum,
339 1253 369 1307 at
381 1245 530 1307 actualem
544 1245 605 1306 sive
624 1245 703 1308 illius
720 1245 896 1307 exercitium
914 1242 1068 1306 translerri

91 1355 106 1391 u
130 1333 308 1396 orrrnimoda
328 1334 359 1395 in
383 1333 535 1396 Vicarium
558 1343 748 1415 perpetuum.
772 1333 850 1394 Hinc
873 1332 956 1394 nullo
977 1331 1068 1394 modo
1092 1335 1096 1341 “

90 1445 105 1480 u
130 1433 226 1504 potest
242 1421 431 1506 principalis,
447 1429 548 1503 spreto
564 1421 699 1497 i'ieario,
715 1421 894 1503 seiugererc
907 1433 989 1483 curua
1001 1423 1067 1482 ani·

91 1533 106 1569 »
130 1529 290 1574 nuaram.»
303 1509 456 1590 (Tiresaur.
466 1527 524 1572 res.
535 1512 566 1572 S.
578 1511 672 1590 Cong.
685 1511 826 1582 C.,t.-80.
837 1512 929 1590 plat
947 1513 1067 1590 ettad.)
1111 1523 1117 1531 ·
1146 1523 1154 1556 s

130 1600 247 1662 Sutlieit
264 1601 336 1662 uerd
352 1617 427 1660 cura
439 1598 581 1674 maulia,
597 1599 652 1662 etsi
676 1597 757 1676 hanc
778 1597 939 1678 possidens
956 1596 1068 1664 Viturii
1093 1655 1095 1662 ,
1116 1651 1130 1667 .

90 1690 205 1751 uomina
220 1695 423 1769 nuncupetur,
439 1691 509 1749 cum
519 1687 569 1766 jus
583 1686 690 1748 haheat
703 1703 738 1747 eu
753 1685 852 1769 udicio
865 1703 916 1745 uuo
928 1702 963 1746 ea
975 1703 1067 1772 praes·

90 1775 172 1839 tandi
196 1795 266 1858 quae
283 1777 321 1838 ad
344 1777 507 1857 paroohurn
528 1773 699 1857 pertinent,
721 1781 751 1836 et
768 1775 810 1836 sit
824 1773 1068 1856 potius-nomine
1098 1797 1109 1806 ·

90 1870 182 1946 quum
192 1884 224 1927 re
234 1864 362 1927 vicarius
371 1865 492 1946 parochi
505 1863 660 1927 habitualis
677 1883 684 1926 :
701 1881 797 1925 unam
811 1879 952 1927 exercere
962 1879 1080 1938 curam,

90 1975 106 2010 s
132 1957 257 2016 noniine
277 1955 405 2031 aiicujus
418 1953 470 2034 qui
487 1953 537 2030 jus
561 1971 621 2014 non
636 1953 725 2017 habet
739 1954 770 2014 in
784 1952 927 2015 exercitio
942 1969 1021 2013 eurae
1035 1970 1067 2014 se

90 2065 104 2100 o
130 2041 321 2104 immiscendi
342 2045 442 2123 (prout
456 2042 637 2122 Capitulum)
653 2049 698 2104 est
710 2045 812 2104 reuera
831 2041 913 2103 illam
927 2058 1067 2122 exercere

88 2153 104 2189 s
130 2131 370 2212 independenter
391 2131 429 2198 ah
452 2147 506 2206 eo;
529 2130 689 2212 »proinde
711 2152 728 2189 u
750 2148 812 2192 non
835 2147 903 2192 cam
928 2145 1069 2192 exercerc
1123 2150 1134 2185 '.
1159 2205 1163 2210 ἡ
1228 2111 1233 2120 ’

87 2240 104 2278 u
129 2226 276 2300 tanquam
290 2220 386 2300 ipsius
400 2219 571 2280 Vicat-lusu
588 2219 707 2299 (anuis,
723 2219 767 2281 lle
784 2217 925 2290 Pcroelro,
938 2237 968 2299 p.
984 2219 1067 2294 200.)
1114 2261 1119 2269 ·

129 2313 219 2370 1313.
243 2310 366 2379 Quarti.
390 2311 422 2368 l⁰
444 2310 548 2374 Utrum
569 2308 661 2370 unius
684 2307 833 2390 parochiae
853 2307 955 2388 plures
977 2305 1065 2368 simui

89 2397 207 2460 ualeant
220 2415 286 2458 esse
299 2397 359 2456 ueri
375 2395 522 2477 parochi?

127 2485 431 2566 temperantiorem
443 2483 1067 2566 parochorumnonvidereabsoluiarepu·

89 2592 182 2655 gnare
197 2575 335 2635 essentiae
351 2569 552 2654 parochiatus.
569 2573 599 2635 Si
613 2575 684 2634 verd
698 2583 850 2654 quaeratur
863 2591 902 2634 an
915 2573 953 2634 de
967 2571 1064 2651 laeto,

88 2663 190 2742 aliqud
204 2663 336 2741 generali
352 2664 438 2742 lege,
454 2661 576 2743 praelata
589 2662 760 2744 pluralitas,
777 2663 808 2722 in
824 2666 885 2723 una
899 2661 1066 2743 eademque

88 2751 231 2831 panichis
245 2751 282 2811 sit
297 2749 473 2823 interdieta,
493 2754 620 2831 quaestio
633 2749 874 2813 contrmertitur.
889 2751 1066 2812 -Certum

87 2845 191 2900 umen
205 2838 323 2900 uidetur
336 2837 418 2920 quod
433 2838 493 2899 sint
505 2839 696 2921 exceptiones
709 2835 903 2900 admittenda
914 2883 922 2914 ‚
933 2842 968 2900 ut
980 2856 1066 2901 cons·

87 2935 129 2988 tat
141 2944 180 2990 ex
193 2927 332 3008 pluribus
355 2926 501 2990 Declarat.
518 2927 549 2989 S.
565 2929 675 3008 Congr.
692 2927 817 2990 Consilii
838 2945 907 3008 quae
922 2926 979 3008 legi
995 2945 1064 3010 pos·

87 3021 159 3077 sunt
175 3033 226 3097 ap.
243 3018 280 3075 D.
301 3015 395 3076 Bonis
416 3015 483 3094 (ila,
505 3034 536 3098 p.
560 3018 643 3096 t98).
663 3017 696 3077 ln
717 3019 807 3078 causa
821 3023 924 3078 autem
938 3017 1065 3078 Satauci

89 3107 126 3166 ld
136 3105 206 3182 J'un.
224 3106 299 3166 itai
315 3148 324 3178 ‚
345 3105 389 3165 sie
401 3103 511 3166 dicitur
526 3121 535 3166 ε
555 3125 570 3162 u
584 3103 665 3166 Licet
678 3105 799 3166 unicam
811 3104 934 3187 parochi
946 3104 1003 3166 duo
1017 3123 1064 3167 re·

88 3212 104 3252 a
127 3209 201 3272 gere
221 3192 339 3253 valeant
355 3192 535 3267 eeclesiam,
554 3191 685 3255 distincti
707 3203 808 3256 tamen
828 3202 990 3256 censentur
1012 3193 1063 3256 ubi

87 3300 103 3338 ι
125 3287 297 3360 separatum
308 3280 418 3342 habent
431 3297 566 3361 gregem.
578 3302 593 3339 u
606 3281 679 3342 Vide
693 3283 784 3344 etiam
798 3283 912 3343 Concii.
927 3281 1061 3343 Trident.

88 3372 171 3444 (sess.
187 3371 324 3444 21118)
343 3369 538 3432 ubidicitur:
554 3371 608 3439 uin
619 3371 754 3432 ecelesiis
764 3369 1060 3452 patrimonialibus...

88 3477 103 3514 ι
127 3455 283 3519 consuevit
303 3457 467 3538 Episcopus
490 3459 541 3519 uni
558 3460 604 3520 uel
619 3458 757 3540 plurilus
770 3476 875 3520 euram
893 3461 1062 3519 animarum

90 3565 103 3602 u
126 3545 210 3606 dare.
224 3565 240 3603 u
261 3543 333 3605 Vide
347 3553 446 3610 textus
460 3548 492 3608 in
505 3549 692 3609 casuarium
709 3547 819 3608 relatos
831 3549 850 3607 a
863 3547 1019 3620 Ferraria,
1033 3555 1063 3604 v·

93 3633 253 3711 Purattu,
268 3648 303 3693 n·
316 3637 366 3697 ld.
