2534 3996
235 225 293 286 :titt
455 233 593 282 uerutus
610 231 711 278 sortus
729 226 812 275 runis
833 227 979 274 cruenter.

233 359 248 396 u
273 335 311 398 ab
335 329 566 414 Arehiepiseopo
589 347 643 411 per
660 325 788 390 mulctas
807 323 1009 408 pecuniarios,
1030 329 1122 404 utque
1146 321 1213 388 atto

233 425 347 506 »piris
360 421 494 485 remedio
506 417 657 500 ootnpetti
673 439 688 476 o

273 517 363 576 2362.
389 509 563 593 Suprndiotu
587 509 677 570 etiem
700 503 802 568 Gatttae
824 509 894 566 sunt
916 501 1126 584 npplionnde.
1153 505 1212 566 etsi

234 603 316 666 enim
332 601 470 682 Episcopi
490 617 551 660 non
572 596 686 678 possint
705 577 873 657 Cenonicos
891 593 1070 674 stipendiod
1092 593 1214 654 Guber-

236 693 286 752 nio
299 691 387 764 dan,
403 709 440 752 ex
451 706 483 750 se
497 687 643 768 spoiietme
659 702 711 746 eos
724 691 825 744 tamen
841 681 939 743 vatent
954 699 1008 783 pio
1020 681 1144 742 conscie
1148 685 1211 744 etit

235 779 355 842 eddlud
367 775 583 840 restituendum
597 791 715 854 eobere
731 771 894 852 quodcum
899 789 1017 852 primo
1029 778 1059 832 et
1071 773 1215 834 seeundo

236 887 316 930 anno
327 869 411 947 juxta
426 865 564 948 superius
577 863 626 926 dit
628 871 676 934 tn
687 861 798 923 iactum
813 859 916 931 fuerit,
929 859 1049 922 tandem
1063 859 1101 921 ed
1113 861 1215 941 priv-e

236 957 348 1020 tionem
366 956 442 1018 tituli
466 961 592 1056 possunt
608 951 760 1012 devenire
782 947 885 1022 Quoad
899 949 1085 1011 Gubernium
1105 959 1214 1013 nutem

237 1047 307 1107 satis
320 1045 391 1121 erit,
406 1045 482 1106 sieut
497 1061 527 1104 m
537 1041 603 1104 eins
614 1039 980 1121 depositionumoasrbus
992 1057 1015 1100 st
1026 1056 1061 1100 ex
1071 1041 1216 1103 testimo

238 1152 288 1196 mo
298 1133 445 1196 Ordinem
456 1139 573 1195 constet
585 1129 770 1191 Canonreum
780 1127 871 1190 fuisse
880 1127 1012 1209 legitime
1022 1127 1212 1209 depositum.

238 1221 359 1302 (Boniti.
374 1221 461 1300 idid.)

277 1314 366 1374 2363.
383 1312 520 1373 Diximus
533 1327 623 1391 supra
636 1306 718 1390 qudd
736 1325 773 1369 ert
786 1307 876 1368 Cone.
894 1305 1026 1368 Trident.
1043 1309 1134 1383 (sess.
1148 1313 1192 1372 i'tt

238 1417 265 1462 c.
280 1404 334 1470 to,
350 1400 384 1463 de
397 1401 500 1481 refer.)
516 1417 576 1460 non
596 1397 759 1460 residentes
776 1396 836 1457 sint
849 1395 984 1476 privandi
999 1395 1123 1458 dimidiat
1138 1417 1213 1480 per-

238 1497 267 1550 te
289 1489 460 1565 fruetuum,
476 1496 534 1552 ete.
559 1489 639 1568 Ergo
665 1503 727 1548 non
747 1484 911 1546 residentes
928 1484 965 1546 ed
989 1485 1214 1550 restitutionem

239 1573 1216 1661 tentumpostsententiemiudicisteneuturquoedportemtruc-

239 1671 325 1729 tuum
334 1687 410 1748 quos
424 1668 537 1729 ratione
552 1663 723 1727 Praebendee
736 1669 766 1724 et
784 1662 953 1724 residentiae
966 1681 1037 1725 suos
1051 1663 1212 1742 iecerunt;

240 1755 338 1838 quood
365 1757 439 1819 aiios
464 1757 535 1818 verd
561 1772 638 1836 quos
660 1770 731 1814 suos
758 1769 820 1812 non
847 1751 1001 1824 fecerunt,
1027 1755 1118 1815 etium
1141 1766 1214 1819 ante

240 1845 346 1926 judicis
365 1845 559 1922 sententiam,
587 1861 639 1905 eos
666 1843 697 1903 in
724 1841 875 1920 integrum
903 1842 1057 1904 restituere
1083 1842 1212 1910 dehent.

239 1935 417 2014 S.Liguor.
433 1933 497 2006 titt,
513 1939 544 2009 t,
561 1943 593 1994 n⁰
609 1935 676 1994 tto.
688 1932 779 1992 De
793 1929 850 1992 hoe
863 1935 964 1994 temen
978 1930 1093 1995 dubitat
1104 1945 1216 2000 auctor

238 2021 332 2085 Proet.
346 2022 381 2085 S.
397 2023 454 2085 Su
452 2023 537 2104 pitu
551 2031 584 2084 n⁰
597 2026 666 2085 368

277 2115 367 2173 esst.
388 2111 553 2174 «Notsnda
566 2120 611 2174 est
630 2111 752 2192 (nutemt
771 2109 937 2174 differentia
956 2111 1033 2173 inter
1049 2113 1214 2180 restitutio

239 2223 254 2261 s
280 2219 350 2262 nem
370 2199 562 2264 faciendum
553 2219 570 2262 a
585 2199 774 2263 beneficiario
790 2200 830 2261 ob
842 2199 1036 2264 omissionem
1051 2201 1213 2284 horarum,

239 2311 253 2348 n
278 2297 309 2352 et
321 2290 360 2362 ob
373 2292 567 2353 omissionem
586 2290 764 2352 residentiae.
780 2290 832 2352 ttta
845 2291 926 2352 enim
946 2297 1041 2372 potest
1057 2290 1121 2354 tieri
1142 2295 1213 2375 qui-

239 2401 254 2438 n
279 2379 467 2461 buseumque
481 2379 679 2460 pauperibus,
694 2387 724 2440 et
736 2381 764 2440 in
781 2377 923 2440 sabrinam
933 2377 1041 2442 demtis
1055 2379 1212 2462 beneficii,

238 2491 253 2528 u
278 2471 338 2532 sire
354 2471 384 2531 in
396 2468 533 2531 emendis
541 2475 593 2530 unt
602 2467 795 2529 meliorandis
808 2469 887 2548 egris
896 2468 1033 2531 beneficii
1045 2489 1052 2529 :
1063 2470 1136 2550 quia
1146 2491 1212 2534 om-

238 2579 253 2620 n
280 2560 327 2622 nia
342 2559 539 2622 haeeveniunt
555 2557 676 2619 nomine
696 2557 830 2620 Febr-tce
845 2558 988 2638 beneficii,
1006 2567 1039 2620 ut
1051 2557 1164 2622 dicitur
1180 2564 1209 2623 in

238 2671 252 2708 u
280 2646 1211 2714 [tuitus.PiiV...0bomissionerneutemresidentiaerestitutio

238 2761 253 2798 o
276 2736 616 2818 debetomninderogeri
625 2735 871 2798 reiinFubrieam
881 2738 1026 2809 eootesiae,
1035 2737 1079 2799 rei
1092 2740 1121 2799 in
1134 2759 1209 2820 peu-

238 2849 252 2892 υ
278 2847 363 2908 peres
373 2827 527 2900 ttttustoct‚
537 2827 707 2887 utsuncitur
718 2827 748 2888 in
759 2825 853 2899 Trid„
865 2845 889 2888 s.
899 2831 985 2900 ⁰23‚e.
998 2827 1066 2904 t,de
1076 2831 1134 2908 ref.
1149 2833 1208 2892 Neo

237 2935 252 2975 r
276 2916 414 2978 satisfacit
425 2934 486 2978 non
498 2915 632 2978 residens
645 2915 823 2996 applicando
833 2917 1048 2980 restitutionem
1062 2917 1091 2978 in
1108 2920 1208 2982 missis

237 3005 321 3067 orei
343 3005 408 3068 aliis
428 3005 576 3086 suffragiis
595 3022 650 3086 pro
667 3005 826 3067 animabus
844 3006 1008 3085 Purgatorii
1029 3007 1108 3069 iilius
1128 3009 1205 3086 toci,

235 3095 384 3174 unuin...
402 3112 463 3156 non
475 3101 636 3176 possunt
651 3091 709 3156 diei
719 3095 1034 3178 pauperesittiustoci.
1048 3097 1109 3158 uS.
1128 3098 1202 3179 ὓς..

236 3181 287 3245 lib.
297 3189 373 3259 ψη
387 3187 454 3246 tte.

279 3278 415 3334 dttnrnen
420 3273 525 3350 ‚juxte
544 3271 695 3346 Ferreus,
711 3282 741 3336 v
755 3273 967 3344 canonicatus,
983 3281 1038 3338 ert.
1055 3278 1091 3354 5,
1106 3285 1141 3337 n
1158 3281 1203 3354 to,

239 3381 254 3422 u
278 3363 403 3423 Fructus
418 3361 457 3420 itii
473 3361 582 3442 quibus
591 3363 724 3443 privandi
733 3375 802 3425 sunt
815 3363 956 3424 Cononiei
969 3381 1028 3424 uon
1040 3364 1205 3427 residentes

235 3471 250 3509 r
275 3469 330 3530 pro
344 3449 507 3511 constituto
522 3458 656 3532 tempore
669 3451 779 3513 debent
793 3453 933 3534 applicari
950 3454 981 3514 in
1003 3471 1090 3516 usum
1106 3464 1136 3516 et
1151 3457 1203 3516 Fe·

234 3559 249 3596 n
275 3537 389 3600 brientn
399 3539 564 3602 eoelesioesi
576 3539 699 3621 indiget,
708 3542 867 3603 elitsutteri
880 3543 929 3624 pio
938 3542 1147 3617 ioco,arbitrio
1155 3546 1205 3607 Or·

234 3645 249 3684 ι
273 3624 1200 3706 dinarii.stedecrevuso„utreferumuareias...uerbosa.»
