2534 3996
481 286 566 333 alcea
587 287 705 333 rannus.
1026 268 1085 332 313

105 383 188 461 loto,
204 383 270 466 ipso
286 383 386 464 laeto,
400 382 560 447 habendo
584 383 682 466 prined
704 391 844 445 vocaturo
863 383 896 444 in
913 391 1086 465 perpetuum

104 473 267 534 constituto
282 482 310 535 et
323 473 462 556 depmtoto
485 473 526 534 od
545 474 634 534 lolem
648 491 731 533 usum
746 471 880 554 intelllqa'
896 471 998 534 debeat
1007 495 1018 543 ,·
1033 471 1085 536 sed

105 561 272 643 requiritur
298 571 331 625 ut
359 565 524 645 Episcopus
548 562 579 624 in
601 561 770 644 provisione
783 561 907 643 deputet
930 562 1086 625 actualiter

105 651 240 712 eloctum
254 651 292 714 ad
307 651 384 714 hanc
398 650 603 734 praebendam,
615 658 705 734 prout
713 649 873 712 declaravit
887 651 918 714 S.
935 651 1084 734 Congreg.

107 739 245 802 concil:
260 739 328 802 vide
342 759 434 825 supra
447 743 559 819 (2198).
570 741 612 802 lte
620 738 743 822 quidem
758 739 907 802 veretalia
922 741 1087 822 Deputatus

109 836 155 890 est
178 827 396 907 inemeribile,
416 831 488 892 edm
508 830 547 891 sit
565 827 754 904 canonieus3
771 845 827 891 nec
850 827 976 910 proinde
991 837 1089 910 potest

110 915 287 996 hujusmodl
303 917 502 1000 Theologalis‚
514 936 569 1000 pro
583 916 716 992 arbitrio,
728 935 785 980 suo
799 933 926 980 monere
941 919 1049 1000 privari
1060 921 1068 955 ¹
1076 939 1085 996 ;

111 1005 165 1072 sed
179 1004 204 1066 si
218 1005 406 1086 Theologalls
425 1025 487 1068 uon
508 1013 586 1070 esset
604 1005 790 1082 Gemmeus,
806 1014 897 1087 prout
914 1005 979 1069 lieri
1001 1023 1088 1089 posse

113 1094 230 1156 ridetur
239 1111 275 1156 ex
286 1095 525 1176 responsionead
539 1095 760 1178 praecedentem
770 1094 986 1176 questionem,
996 1113 1087 1178 argu·

112 1183 258 1246 urentatio
271 1185 307 1244 l).
326 1185 421 1246 Bouix
444 1202 505 1246 non
521 1185 662 1266 probaret
681 1183 855 1266 hujusmodi
876 1184 1087 1267 Theologalem

111 1272 245 1334 amoveri
259 1289 313 1354 pro
327 1272 451 1335 arbitrio
465 1291 527 1336 non
542 1291 640 1356 posse.

154 1374 244 1433 2202.
268 1371 327 1432 Sed
349 1370 489 1448 tandem,
505 1371 640 1454 inquies,
660 1377 799 1454 possetne
812 1377 886 1435 tunc
899 1391 954 1455 pro
968 1373 1090 1438 arbitrio

113 1458 254 1541 Episcopi
276 1459 344 1522 talis
361 1459 549 1542 'theologalis
570 1460 721 1522 amoveri?
734 1497 773 1507 -
788 1461 852 1524 lloo
870 1480 994 1543 aequum
1009 1465 1091 1529 certe

115 1563 178 1609 non
192 1546 328 1625 videtur3
345 1549 517 1612 nullatenus
531 1556 631 1611 tamen
652 1547 742 1610 debet
758 1549 899 1611 affirmari
913 1551 994 1632 qudd
1010 1551 1091 1633 Epis

115 1653 212 1716 copus
225 1634 304 1699 haud
320 1645 419 1718 posset
434 1637 516 1700 hunc
533 1638 695 1700 destituere
712 1655 784 1700 casu
800 1656 862 1720 quo
875 1657 964 1702 suum
978 1657 1091 1703 munus

116 1725 303 1873 nonuvalebrct
316 1725 498 1810 adimplere,
513 1726 605 1789 modd
617 1725 739 1789 aliunde
754 1726 921 1809 provideret
935 1727 1092 1810 ipsiusne

117 1813 247 1875 cesenati
269 1831 315 1876 us.

157 1913 247 1974 220³.
272 1911 424 1994 Quidquid
445 1913 483 1976 ait
504 1913 542 1976 de
569 1915 625 1977 hac
645 1913 827 1996 quaestione,
851 1915 882 1978 in
897 1917 1005 1992 Gallia,
1021 1935 1093 1981 casu
1144 1973 1149 1981 .

117 2017 181 2081 quo
190 2000 356 2082 Episcopus
371 2001 502 2084 aliquem
514 2002 699 2065 canonicum
708 2003 862 2085 deputavit
869 2005 1030 2068 actualiter
1039 2023 1093 2088 per

118 2087 320 2170 prensionem
335 2089 371 2151 ad
387 2107 500 2152 munus
513 2090 718 2172 Theologolis‚
729 2092 1091 2177 certerideturquddnon

119 2177 213 2257 possit
227 2195 298 2240 eum
313 2197 451 2240 arnorere
469 2178 524 2240 nisi
548 2197 619 2242 oum
633 2179 778 2262 privando
789 2182 918 2260 juridice
932 2188 987 2248 sua
1001 2184 1093 2248 Thoo-

120 2266 209 2345 lopati
232 2265 408 2329 praebenda.
434 2267 546 2350 Excipe
568 2269 714 2332 tamensi
737 2270 926 2354 Episcopus,
948 2279 1038 2355 prout
1062 2271 1093 2335 in

7 2377 13 2392 ·
119 2353 247 2416 Dioecesi
262 2354 414 2433 ltiniensi,
429 2357 447 2418 e
461 2357 491 2418 S.
509 2355 585 2419 Sede
599 2355 776 2421 obtinuisset
788 2358 885 2424 lacere
899 2362 1093 2444 permutatio·

122 2459 192 2505 nem
212 2444 444 2524 prebendarum
470 2444 585 2526 quondo
606 2447 727 2508 utiliter
744 2449 894 2528 postulare
914 2450 1092 2514 videretur¹.

180 2537 211 2600 Si
251 2540 329 2624 rerdq
347 2539 539 2622 Episcopus,
570 2559 624 2622 per
650 2542 877 2624 provisionem,
908 2545 1095 2609 Canomcum

123 2645 183 2689 non
193 2626 317 2709 deputet
329 2627 482 2691 actualiter
495 2628 534 2691 ad
548 2647 661 2692 munus
673 2630 832 2713 Theologi,
846 2632 914 2695 talis
926 2636 1097 2698 Canorricus

123 2731 184 2780 non
198 2725 244 2779 est
258 2720 360 2779 revera
374 2717 581 2800 theologam,
597 2736 654 2782 nee
667 2718 793 2800 proinde
805 2720 967 2805 privilegiis
980 2733 1010 2786 et
1019 2725 1095 2804 juri-

156 2909 162 2937 ·
180 2905 233 2957 laud
244 2905 358 2958 obtinens
369 2906 532 2958 Probandam
544 2903 719 2969 'l'lreolopelem
734 2917 785 2956 non
798 2907 879 2971 potest
895 2903 961 2956 illam
974 2903 1097 2956 dimittere

125 2977 227 3028 ctaliam
237 2985 322 3044 optare
331 2978 362 3029 ad
371 2977 448 3028 inetm
456 2977 560 3029 aliorum
567 2975 767 3028 canonicatuum.
776 2974 802 3026 S.
811 2975 838 3028 G.
847 2974 932 3038 Cone..
941 2975 954 3026 l
964 2992 1018 3042 pun.
1026 2977 1095 3028 tout.

126 3049 209 3100 Potest
221 3055 303 3118 mmep
322 3049 448 3115 resignare
459 3049 484 3099 in
499 3047 613 3099 manibus
628 3047 752 3100 Ordinarli
763 3053 789 3098 et
799 3045 911 3098 obtinere
922 3047 1077 3114 pinguiorem
1088 3085 1095 3110 ,

128 3119 249 3172 moliente
267 3119 368 3186 optione
387 3135 443 3170 cum
462 3121 599 3171 retentione
614 3118 653 3169 eui
671 3112 735 3169 st'alli
748 3119 772 3168 in
786 3119 873 3172 choro.
889 3118 916 3170 S.
932 3119 1023 3186 conpr.
1037 3119 1096 3181 leit..

126 3191 212 3257 laept.
228 3192 296 3243 aaut.
310 3190 369 3242 lide
381 3191 497 3248 Ferraria.
511 3203 537 3240 aa
550 3191 704 3246 cononicus.
716 3196 762 3241 art.
775 3190 799 3250 9.
815 3203 844 3240 no
855 3191 879 3242 8.

156 3272 164 3299 ²
180 3261 276 3312 Statota
290 3261 412 3314 lliniensie
424 3261 528 3328 Capituli
540 3261 554 3313 l
567 3263 593 3313 S.
611 3261 676 3312 Sede
691 3261 824 3328 approbata
837 3263 873 3313 tic
885 3262 992 3323 liabent.
1007 3278 1061 3330 cap.
1072 3263 1097 3324 3,

125 3335 236 3384 secta:
258 3333 367 3384 ollllicia
387 3331 506 3398 'llrculogi
526 3339 551 3384 et
570 3331 768 3394 Poenitentiarii,
788 3333 849 3384 tanti
868 3334 985 3386 momenti
1003 3349 1099 3400 semper·

128 3423 138 3452 ι
157 3402 244 3454 habuit
257 3403 364 3455 Ecclesia
377 3411 406 3454 ut
421 3405 452 3456 ab
470 3404 520 3470 rpsl
536 3403 678 3456 canonicali
698 3405 844 3468 prehendi.
862 3407 902 3456 cui
914 3406 1029 3471 adjuncta
1044 3405 1098 3457 lue.-

129 3494 138 3522 ι
156 3479 231 3536 runt,
252 3489 378 3542 nunqnam
396 3476 530 3557 separanda
548 3475 678 3556 statuimps
692 3491 699 3524 ε
712 3473 745 3524 ita
758 3481 786 3525 ut
799 3483 886 3531 neuter
899 3477 976 3543 possit
990 3477 1100 3528 derclin-

128 3564 140 3594 ⁸
155 3543 361 3668 ‘guilfeebzffitffl'
372 3546 946 3683 peissprlsppqqqnqqrqpqqqupppgqrqqmbmamm
962 3619 1101 3686 permittere

130 3703 142 3736 e
159 3687 216 3738 eum
230 3687 324 3739 utilitas
334 3689 460 3755 postulare
472 3687 603 3740 ridebitur.
618 3706 629 3737 e

930 3775 979 3836 ⁹00
