2522 3992
458 271 546 320 arnna
565 271 683 322 antuus.
1002 264 1061 324 tau

93 367 170 430 intra
184 367 291 431 dicturi
316 367 519 445 11111111513
532 418 540 446 ,
561 371 660 450 2585),
676 377 705 434 et
718 369 776 436 hoo
789 374 935 437 clausuras
949 393 1058 456 genus,

91 465 160 540 post
173 456 393 520 concordatum
403 461 474 520 taor
484 507 491 535 ,
502 475 562 520 non
572 459 660 522 luerit
671 461 699 522 in
709 461 802 525 Gallia
812 465 979 526 institutum
990 483 1060 526 oum

91 546 329 713 {pperppgtapplprp
342 545 380 608 ad
393 546 452 608 hoo
466 548 624 628 requisitis.
637 549 722 630 (Vide
735 551 899 631 Analecta,
914 557 965 614 22⁶
980 551 1059 632 lira,

540 761 559 844 ξ
577 763 613 826 ll.

197 895 241 958 oe
254 897 368 979 oripirte
381 907 410 958 at
424 897 678 980 indesertr'lililate
693 899 794 962 Status
812 900 959 985 relt'pr'on’.

478 1075 633 1137 PUNCTUM
653 1079 673 1138 l.

337 1209 375 1256 un
395 1211 515 1258 omarus
536 1213 644 1258 marus
664 1212 818 1260 aaarorosr.

135 1351 223 1411 2508.
251 1345 392 1408 Nonnulli
422 1347 629 1409 sustinuerunt
656 1347 773 1409 Statum
800 1347 973 1430 religiosum
1000 1371 1064 1416 osse

94 1437 290 1499 institutionis
305 1437 387 1499 urere
399 1436 626 1511 eeclesiasticam
642 1437 694 1498 sod
708 1437 872 1500 deserenda
887 1439 1012 1502 omnino
1022 1450 1066 1504 ost

96 1527 199 1606 opinio
217 1525 297 1602 bueo,
315 1531 418 1607 utpote
438 1525 539 1587 latiens
560 1525 660 1606 impiis
673 1533 702 1587 et
719 1527 910 1590 novatoribus
928 1529 1066 1610 religioso

98 1615 191 1676 Stulni
211 1615 354 1692 intensio,
374 1614 657 1677 aosanaedootrinae
676 1631 738 1676 non
759 1633 902 1678 consona.
923 1619 1066 1680 Omnium

98 1703 178 1765 enim
199 1703 414 1766 catholicorum
438 1706 518 1766 recte
545 1703 757 1780 sentientium,
777 1704 874 1785 inquit
889 1707 997 1768 Suarez
1014 1709 1068 1782 (lle

98 1792 211 1869 liudp,
224 1798 307 1854 tract.
323 1798 354 1869 7,
370 1792 421 1854 lib.
438 1795 472 1868 3,
489 1811 555 1873 cap.
572 1795 612 1870 2,
634 1800 668 1854 n⁰
682 1795 729 1870 1),
745 1795 891 1855 sententia
905 1801 950 1855 est
967 1803 1068 1860 tonen-

96 1881 171 1943 dum
187 1899 252 1944 esse
266 1882 378 1963 quoda
401 1879 517 1944 Christo
533 1883 632 1944 Status
645 1881 801 1962 religiosus
824 1881 975 1946 institutus
1002 1883 1067 1947 lue·

97 1972 150 2047 rit,
172 1989 233 2032 non
256 1970 379 2052 quidem
401 1970 502 2052 quoad
528 1969 640 2032 turmas
662 1971 755 2052 ipsius
778 1969 990 2048 accidentales,
1016 1973 1066 2036 sod

96 2059 197 2141 quoad
218 2059 311 2142 ipsius
332 2059 545 2122 substantiam:
571 2059 652 2121 unde
671 2058 728 2122 dioi
748 2059 837 2122 debet
852 2061 937 2122 illum
952 2079 1017 2124 esse
1030 2063 1067 2126 da

98 2151 163 2228 jure
177 2149 296 2225 divino,
312 2167 373 2210 non
389 2149 580 2229 praeoipiente
594 2149 645 2210 sed
660 2149 851 2228 consulente3
877 2151 985 2213 Suarez
999 2153 1069 2215 oitat

97 2239 129 2300 in
159 2237 367 2319 probationem
381 2239 434 2301 SS.
451 2238 552 2300 Patres
570 2237 781 2315 Athanasium,
799 2237 961 2318 Basilum,
979 2241 1069 2323 Chry-

98 2335 265 2390 sostomum
276 2373 284 2402 ‚
296 2327 527 2408 Hieronymum,
539 2327 742 2408 Augustinum
752 2376 759 2400 ,
770 2333 841 2396 eto..
850 2329 963 2390 etinter
976 2329 1065 2394 Theo

99 2417 184 2497 logos
198 2419 230 2480 S.
249 2416 413 2494 (thomam,
432 2415 645 2478 Bellnrminum
659 2423 687 2478 et
703 2418 878 2480 innumeros
892 2419 975 2480 alios.
992 2421 1070 2482 Fun·

99 2505 188 2568 [latur
205 2505 356 2588 praecipue
379 2505 443 2567 haeo
463 2507 610 2568 sententia
623 2523 713 2587 super
727 2507 889 2586 Evangelio
904 2508 935 2567 S.
952 2507 1068 2585 ututur„

99 2613 127 2658 a.
153 2599 207 2673 to,
238 2611 267 2658 r.
290 2599 343 2672 tu,
367 2597 427 2670 2t3
446 2613 512 2676 cap.
536 2597 589 2670 16,
617 2611 645 2654 v.
668 2597 722 2668 2t3
748 2599 778 2656 ot
798 2593 891 2675 Epist.
915 2597 929 2656 1
954 2595 991 2656 ad
1014 2597 1070 2658 Co-

100 2683 211 2756 rinth..
236 2701 263 2747 o.
284 2689 317 2760 t,
339 2701 367 2746 v.
383 2687 493 2746 tat-to:
506 2683 537 2746 in
552 2683 661 2764 quibus
675 2681 808 2744 Christus
822 2681 858 2743 ad
873 2683 929 2744 tria
949 2684 1071 2746 consilia

101 2773 299 2855 paupertatis,
313 2773 455 2836 castitatis
468 2777 498 2834 et
515 2771 693 2834 obedientiae
711 2769 894 2844 extrudatur,
910 2777 939 2832 et
952 2770 989 2832 nd
1006 2779 1071 2834 rota

101 2869 247 2944 perpetua
264 2861 302 2924 de
325 2861 384 2924 illis
408 2861 560 2932 iacienda,
577 2861 608 2922 in
628 2859 738 2941 quibus
755 2860 890 2921 consistit
908 2859 1071 2924 substantia

102 2949 202 3012 Status
229 2949 359 3032 religiosi
381 2955 416 3013 ut
437 2949 660 3030 supradiximus
680 2949 789 3030 (1160).
815 2947 887 3010 Vide
906 2949 999 3012 Bouix
1018 2949 1072 3032 (De

103 3038 222 3119 dloqui,
233 3045 308 3102 lom.
324 3043 354 3115 1,
368 3057 401 3124 p.
417 3041 568 3116 {23-l29).

142 3131 232 3190 9509.
256 3129 376 3200 Ouarit.
394 3133 440 3190 An
456 3129 546 3190 etiam
561 3125 711 3209 inprimis
727 3125 868 3190 Ecclesiae
885 3127 1072 3192 exordiisex·

101 3217 231 3280 stiterint
243 3218 303 3279 veri
319 3215 475 3297 religiosi?

143 3309 232 3388 Resp.
248 3307 405 3384 Quamvis,
420 3324 458 3368 ex
471 3323 508 3368 eo
518 3303 599 3386 quod
608 3304 781 3387 abipsomet
790 3303 906 3368 Christo
920 3307 1019 3368 Status
1030 3323 1074 3366 ro-

102 3395 227 3478 ligiosus
241 3393 329 3458 luerit
348 3393 447 3476 quoad
473 3395 668 3457 substantiam
683 3393 845 3470 institutus,
863 3393 970 3456 deduci
986 3411 1074 3476 posse

102 3485 237 3547 videatur
250 3485 377 3546 asistere
395 3483 534 3547 debuisse
555 3499 641 3545 veros
655 3483 809 3564 religiosos
822 3483 906 3545 omni
921 3491 1072 3564 tempure,

103 3591 140 3637 ao
158 3571 285 3653 proinde
307 3572 442 3634 statimlt
465 3569 637 3653 primordiis
656 3571 814 3646 Ecclesiae;
839 3579 987 3640 attamen,
1005 3575 1074 3632 olim

103 3660 241 3725 Christus
262 3659 378 3722 Statum
410 3659 585 3742 religiosum
612 3675 674 3722 non
696 3665 842 3740 tanquam
865 3659 1075 3740 obligatorium
