2486 3984
204 249 261 312 {38
416 259 558 310 ulnulas
580 261 685 313 rorans
704 261 786 309 saara
807 259 959 312 maome.

202 403 219 446 a
243 381 463 467 propositiones
476 381 514 442 ab
529 379 699 461 Apostolica
712 377 791 444 Sede
809 378 967 444 damnatas
976 378 1035 443 sub
1048 396 1173 443 excom-

203 493 219 533 a
243 471 457 535 manicationis
474 487 563 553 pn=na
588 469 655 533 latae
678 471 835 533 sententiaa
846 490 855 544 ;
877 470 950 532 item
964 468 1108 532 docentes
1130 467 1175 532 rel

203 561 438 624 adelendentes
469 567 615 642 tanquam
647 557 758 620 licitam
794 559 911 638 praxim
949 557 1126 640 inquirendi
1158 577 1175 621 a

204 672 220 711 a
245 651 409 731 poenitente
424 667 536 712 nornen
550 646 718 722 complicis,
734 647 832 729 prouti
843 647 985 710 damnata
997 647 1068 708 este
1083 649 1175 710 Bene

204 759 220 800 a
243 739 323 803 dicto
337 741 415 816 xw,
432 739 464 800 in
476 737 601 801 constit.
617 734 822 817 Supremoa'l
834 737 900 816 iulii
917 740 1014 810 ltt5;
1038 735 1096 798 dtr
1109 739 1176 812 pri-

204 849 220 888 a
243 827 443 911 mum,2junii
453 830 547 903 17463
561 823 837 902 necromantem,
848 831 886 890 28
895 825 1173 906 septembristttt.

243 939 277 998 2⁰
295 955 311 994 a
330 934 621 1008 violentasrnanus‚
643 931 789 994 suadente
813 931 945 1009 diabolo,
957 932 1128 1009 injicientes
1141 933 1172 996 in

205 1047 219 1086 a
245 1023 382 1096 clericos,
396 1021 442 1084 rel
457 1019 614 1102 utriusque
629 1037 718 1083 sexus
738 1020 914 1094 monachos,
929 1020 1063 1102 exceptis
1074 1021 1174 1102 quoad

208 1137 224 1172 a
244 1111 477 1176 reservationem
489 1109 608 1171 casibus
619 1108 658 1170 de
672 1109 858 1190 quibusjure
874 1109 917 1172 rel
929 1109 1089 1190 privilegio
1104 1127 1173 1192 per-

206 1226 221 1263 s
246 1201 373 1264 mittitur
387 1207 419 1260 ut
440 1198 607 1279 Episcopus
623 1205 675 1260 aut
688 1198 764 1260 alius
779 1199 920 1260 absolvat.

243 1303 306 1364 3·a
327 1297 470 1360 Duellum
485 1302 700 1378 perpetrantes.
717 1305 767 1359 aut
780 1297 958 1379 simpliciter
971 1297 1009 1361 ad
1019 1298 1095 1362 illud
1110 1320 1172 1382 pro

205 1411 221 1448 a
243 1395 398 1460 uocantes,
411 1385 565 1464 velipsum
580 1393 782 1464 acceptantes,
797 1393 827 1449 et
840 1387 1172 1470 quoslibetcomplioes,

205 1499 220 1536 a
244 1477 288 1539 rel
303 1475 557 1557 qualemcumque
571 1483 754 1554 operamaut
769 1475 1091 1560 lavorempraebentes‚
1105 1497 1172 1541 nec·

205 1587 221 1624 a
246 1583 306 1628 non
320 1565 357 1628 de
374 1562 523 1625 industria
536 1569 716 1644 spectantes,
740 1565 877 1644 illudque
891 1567 1100 1647 permittentes
1115 1569 1169 1643 rel,

205 1662 390 1737 »quantum
415 1651 525 1714 inillis
549 1660 604 1728 est,
630 1671 692 1716 non
717 1653 928 1731 prohibentes,
954 1657 1173 1739 cujuscumque

243 1853 278 1912 4⁰
302 1871 317 1910 a
337 1851 455 1912 Nomen
469 1848 575 1910 dantes
590 1855 678 1911 sectae
694 1848 880 1924 Massonicoe,
892 1856 943 1913 aut
957 1851 1164 1924 Carbonario,

204 1961 220 1998 a
245 1943 296 2000 aut
316 1937 527 2017 aliisejusdem
543 1939 662 2018 generis
676 1939 784 2014 sectis,
802 1959 871 2021 que
884 1949 991 2003 contra
1004 1943 1168 2006 Ecclesiam

206 2050 220 2094 r
243 2027 288 2089 vel
296 2027 443 2110 legitimas
451 2033 684 2106 potestates,seu
692 2029 789 2108 palam
800 2047 852 2092 seu
867 2029 1053 2092 clandestine
1065 2033 1169 2094 machi·

205 2139 220 2176 a
245 2125 356 2179 nentur
365 2136 375 2193 ;
392 2134 512 2178 necnon
529 2116 634 2178 iisdem
653 2117 741 2187 sectis
766 2115 898 2179 lavor-em
914 2117 1170 2202 qualemcumque

205 2227 221 2266 a
245 2212 430 2287 praestantes,
448 2223 588 2267 earumve
607 2205 740 2267 occultos
754 2207 930 2287 coryphaeos
944 2225 980 2271 ac
1001 2208 1096 2272 duces
1111 2229 1170 2274 nuo

206 2316 221 2354 a
245 2295 468 2372 denuntiantes,
484 2293 582 2356 donec
596 2313 657 2356 non
671 2293 924 2364 denuntiaverint.

246 2397 277 2456 5ο
303 2393 562 2458 almmunitatem
585 2394 658 2474 asyli
679 2395 872 2459 ecclesiastici
894 2396 1006 2461 nolare
1030 2397 1171 2480 jubentes

206 2505 222 2544 a
246 2488 297 2546 aut
310 2501 385 2546 ausu
398 2482 558 2546 temerario
569 2482 725 2546 violantes.
748 2503 764 2543 a

245 2582 301 2654 Qui
322 2600 359 2643 ex
371 2581 457 2662 iussu
472 2579 642 2660 Superioris
654 2580 878 2645 immunitatem
892 2585 966 2666 asyli
980 2587 1171 2653 ecclesiastici

207 2688 269 2734 non
286 2671 444 2733 observant
465 2669 674 2750 comprehensi
699 2687 762 2732 uon
787 2672 923 2735 videntur
942 2675 974 2736 in
998 2674 1057 2738 hoc
1079 2697 1171 2756 casu,

206 2777 276 2822 cum
289 2778 360 2822 ausu
375 2757 531 2821 taumatia
545 2776 607 2820 non
622 2766 723 2839 agant,
739 2759 792 2821 sed
807 2761 907 2824 solum
920 2781 958 2826 ex
973 2769 1171 2834 necessitate:

207 2849 287 2910 unde
308 2848 427 2910 lictores
444 2847 498 2930 qui
518 2847 678 2910 extrahunt
697 2865 783 2910 reum
804 2850 843 2912 ab
864 2851 991 2916 ecclesia
1010 2873 1048 2918 ex
1063 2859 1173 2941 magis·

206 2943 299 2998 tratas
314 2939 452 3018 imperio,
467 2938 814 3000 excommunicationem
829 2959 890 3002 non
902 2943 1072 3008 incurrunt.
1091 2951 1132 3010 lta
1142 2952 1171 3014 S.

206 3025 356 3100 Officium,
371 3030 409 3089 15
421 3027 488 3105 jun.
504 3028 592 3098 1870,
608 3027 712 3090 audito
722 3029 911 3093 Sanctissirui
928 3034 1053 3097 oraculo
1065 3033 1173 3118 (Recte

207 3113 254 3176 des
266 3116 386 3176 sciencea
399 3113 496 3176 eccles.
512 3121 534 3176 t.
548 3117 641 3194 XXV,
659 3137 688 3195 p.
702 3117 787 3196 300).

244 3215 278 3274 6ο
311 3211 499 3274 «Violantes
526 3211 699 3276 clausuram
726 3216 923 3293 monialium,
948 3219 1175 3308 cujuscumque

207 3323 222 3362 a
246 3303 365 3382 generis
387 3307 439 3363 aut
465 3299 658 3378 conditionis,
674 3321 782 3380 sexus,
804 3307 849 3369 rel
871 3310 983 3388 aetatis,
1009 3311 1040 3373 in
1068 3333 1174 3378 earum

206 3413 222 3450 a
248 3390 428 3452 monasteria
443 3388 663 3470 ingrediend03
686 3393 857 3476 pariterque
878 3413 932 3460 eos
946 3397 1174 3468 introducentes

208 3503 222 3540 a
248 3479 293 3540 vel
315 3477 525 3556 admittentem
554 3480 689 3561 itemque
714 3483 860 3546 moniales
890 3488 929 3549 ab
951 3487 1001 3550 illa
1028 3503 1173 3555 exeuntes

207 3591 223 3628 a
248 3573 329 3628 extra
343 3585 428 3630 casus
452 3585 487 3630 ac
510 3568 637 3631 formam
661 3571 680 3630 a
703 3571 734 3632 S.
756 3571 809 3634 Pio
833 3574 867 3650 V,
889 3575 921 3638 in
941 3577 1044 3642 const.
1063 3581 1172 3646 Becare

209 3675 223 3716 a
248 3655 462 3740 praescriptam.
