2522 3996
413 254 500 300 arnan
521 251 641 300 rnruus.
981 241 1020 302 53

63 371 75 410 s
97 357 161 433 pote
174 353 363 415 constrictum
376 351 413 412 ad
427 350 610 412 territorium
624 347 760 432 ipsorum
769 351 924 433 proprium
938 356 1020 435 quod

63 461 75 498 r
96 442 227 503 consistit
250 441 328 502 latro
350 447 432 522 septu
449 447 479 502 et
498 438 640 500 cruditum
660 441 842 502 monasterii.
857 463 872 500 u
889 443 1017 506 Lauren.

62 528 174 610 (Forum
189 530 290 612 benefi,
308 549 376 612 pars
390 533 432 606 1⁸,
448 549 478 610 q.
494 531 575 606 453).

97 623 179 682 lldl.
202 620 289 681 Nullo
302 617 394 680 modo
408 617 644 702 permittendum
658 623 703 679 est
722 618 803 699 quod
818 618 909 684 funus
926 622 1019 685 couri-

64 708 141 769 taturi
162 709 326 790 parochum
349 712 508 790 expectent
524 725 578 788 per
598 707 677 781 rias,
699 707 745 767 vel
765 705 803 768 ad
823 707 950 771 domum
970 709 1021 772 de·

64 796 165 870 iuncti,
189 795 410 860 nonobstante
433 795 582 858 contraria
603 795 833 858 consuetudine.
860 798 891 859 S.
912 799 947 858 n.
974 798 1020 870 d,

65 887 96 945 ll
108 884 177 947 lebr.
195 887 293 952 1633,
309 885 340 946 in
365 883 534 961 Phalesina,
551 903 599 966 ap.
621 883 753 945 Ferraris
773 885 813 960 (vl
836 885 1019 968 Sepultura,

65 984 91 1034 n⁰
104 977 177 1052 lli).

96 1064 204 1126 Debent
217 1063 371 1145 regulares
385 1062 479 1125 vocati
493 1062 531 1124 ad
544 1061 634 1124 lumrs
648 1061 858 1138 associandum
879 1064 1021 1129 accedere

64 1152 95 1212 nd
112 1153 264 1216 ecclesiam
279 1152 503 1234 parochialem,
519 1156 549 1213 et
562 1149 670 1212 exinde
684 1168 754 1212 curn
770 1151 900 1232 parocho
915 1154 952 1215 ad
967 1154 1020 1216 do-

65 1258 136 1302 ruunr
145 1259 179 1303 ex
193 1245 253 1324 qua
267 1239 489 1322 exportandum
498 1245 543 1301 est
552 1239 676 1301 cadaver
685 1257 717 1300 se
730 1237 878 1316 conferre,
894 1241 951 1303 nisi
966 1245 1021 1306 alia

64 1339 128 1392 essct
141 1329 327 1394 consuetudo
348 1330 379 1390 in
397 1329 534 1390 ccclesia.
551 1327 626 1389 Vide
644 1329 844 1396 Leurenium.
862 1349 910 1411 ap.
927 1331 1022 1394 Bouix

64 1419 109 1490 tlle
123 1421 264 1496 Pacato,
283 1439 314 1500 p.
330 1415 415 1496 493).
429 1452 468 1463 -
487 1417 604 1479 Adhuc
622 1423 722 1478 autem
741 1435 803 1478 non
822 1425 963 1482 tenantur
976 1440 1023 1482 ca-

65 1507 150 1571 nonici
176 1507 361 1571 Gathcdralis
388 1505 589 1586 capitulariter
612 1504 805 1578 incedentes,
832 1527 886 1588 pro
913 1509 1022 1590 quihus
1051 1525 1058 1540 ·

65 1595 119 1656 ride
131 1597 315 1660 decisionem
330 1597 361 1657 S.
378 1596 410 1656 C.
435 1593 562 1656 Rituum
580 1611 628 1674 ap.
646 1593 793 1664 Ferraris,
810 1607 840 1655 r⁰
855 1596 1020 1675 Ferocius,

64 1691 109 1745 an.
121 1690 147 1758 3,
165 1696 197 1748 n⁰
212 1691 263 1750 52.

98 1779 176 1839 1408.
192 1777 294 1838 Etiam
306 1775 336 1836 in
355 1789 425 1836 casu
444 1791 506 1854 quo
519 1770 719 1855 parochianus
733 1769 850 1834 decedit
861 1771 891 1834 in
902 1790 1023 1836 monas-

63 1864 137 1940 tario,
146 1865 189 1926 rel
203 1863 364 1928 casualiter
375 1862 420 1924 rel
437 1867 582 1942 tanquam
592 1860 712 1943 hospes,
721 1860 870 1942 parochus
881 1862 919 1924 ad
933 1861 1022 1927 funus

62 1955 148 2014 uocari
162 1954 250 2016 debet
265 1955 420 2031 (heurcn,
436 1955 593 2031 utsupra).

97 2045 177 2104 lilla.
200 2047 269 2104 Non
299 2048 400 2104 autem
426 2039 593 2102 necessario
624 2037 777 2100 vocandus
805 2047 850 2102 est
874 2044 1022 2122 parochus

62 2131 171 2208 quando
193 2132 354 2212 religiosus
375 2127 493 2190 decedit
512 2133 595 2189 extra
618 2127 843 2190 monasterium.
864 2133 921 2194 Iste
941 2135 1022 2196 enim

62 2217 208 2283 delunctus
225 2227 325 2302 potest
347 2217 455 2280 delerri
477 2215 515 2277 ad
533 2217 748 2278 monasterium
768 2223 797 2278 et
819 2219 956 2300 sepeliri,
977 2222 1022 2283 in-

62 2309 187 2371 consulto
200 2307 346 2390 parocho.
364 2309 394 2368 S.
417 2307 526 2390 congr.
543 2307 682 2382 Coum
702 2305 768 2384 julii
789 2309 875 2370 1620.
893 2311 1023 2374 Ferraris

62 2395 94 2460 lt·⁰
108 2398 262 2470 Porcellus,
274 2403 331 2458 art.
342 2399 370 2464 3,
385 2403 418 2456 n⁰
432 2398 492 2474 53).
509 2393 584 2456 Vide
598 2393 803 2471 etiaanouix,
820 2396 865 2458 Dc
879 2397 1020 2479 Hapulur.

63 2491 177 2556 homa,
225 2487 332 2562 ‚3l5).
1080 2501 1084 2511 ·

96 2577 168 2637 illd
200 2506 367 2645 {Quando
387 2571 533 2652 regularis
553 2570 713 2633 delunctus
731 2571 849 2652 sepeliri
863 2577 969 2656 nequit
992 2578 1022 2639 in

61 2681 73 2718 r
94 2666 257 2726 conrentlts
267 2661 560 2738 ecclesialobstanle,
575 2681 603 2722 r.
620 2660 724 2741 plage
738 2659 827 2736 civili,
843 2667 878 2722 ut
890 2661 978 2746 hodie
993 2667 1023 2728 in

64 2773 75 2808 r
96 2753 204 2832 Gallia),
222 2757 350 2834 possunt
369 2749 521 2830 regulares
540 2749 666 2811 cadaver
679 2749 716 2810 ad
736 2765 900 2812 commune
916 2771 1024 2816 coenre-

64 2863 74 2896 υ
95 2843 198 2904 terium
220 2840 356 2915 deferre,
371 2857 442 2900 cum
460 2839 536 2900 stola
549 2843 579 2900 et
598 2856 687 2900 cruce
711 2841 895 2916 conventus,
911 2841 1023 2924 absque

63 2931 262 2991 »interventu
294 2927 386 2990 ullius
412 2926 553 3008 parochi,
583 2924 748 2987 dummodo
771 2934 872 2988 tanren
898 2930 1023 2994 cadaver

63 3017 242 3080 »deleratur
259 3016 372 3098 absque
399 3015 526 3078 solemni
551 3017 661 3095 pompa
690 3021 719 3076 ct
745 3022 825 3076 recto
847 3019 965 3080 tramite
986 3022 1024 3083 ad

62 3126 74 3159 r
96 3107 309 3168 caemeterium.
325 3107 383 3166 Res
403 3105 504 3166 decise
522 3102 578 3164 luit
601 3103 631 3163 in
652 3108 742 3166 causa
755 3103 868 3167 ordinis
885 3108 1024 3186 praedica-

63 3215 75 3246 r
96 3200 207 3268 torum,
224 3199 262 3256 ll
274 3195 393 3273 januar.
410 3197 523 3256 1846.»
542 3192 648 3262 Bonis,
665 3193 709 3255 lle
724 3193 878 3273 Repetam,
894 3195 1024 3270 ib.;vide

64 3283 160 3359 ctiam,
179 3304 211 3364 p.
231 3287 287 3344 347
301 3329 308 3359 ‚
323 3301 378 3364 pro
392 3281 572 3344 monialibus
590 3283 746 3364 exemptis.
763 3281 906 3353 Quaedam
924 3290 1022 3351 tamen
1041 3281 1048 3295 “

64 3371 125 3430 oriri
139 3379 262 3452 possent
273 3369 460 3433 difficultates
474 3370 554 3452 apud
574 3389 630 3432 nos
642 3374 722 3432 circa
736 3367 893 3450 praelatum
907 3390 1020 3446 casum,

64 3459 134 3532 juxta
165 3459 347 3540 Episcopum
372 3459 524 3540 andegav.
547 3459 634 3538 (Vide
654 3459 759 3520 leura.
775 3457 822 3519 des
844 3457 1022 3542 Fabru'qucs,

68 3549 224 3624 tramae,
236 3551 322 3620 l85l,
340 3568 369 3629 p.
387 3551 466 3624 309).
691 3590 695 3601 .

100 3637 184 3697 llll.
206 3636 308 3718 ¹Clarus
331 3637 488 3699 saecularis
502 3633 576 3696 nihil
590 3639 688 3718 potest
707 3632 893 3714 praetendere
906 3640 1027 3713 propter
