2522 3992
449 317 537 364 arnan
557 314 676 362 ramus.
990 291 1043 351 l8l

116 433 207 496 2680.
220 425 343 507 Absque
355 417 524 485 rationabili
537 418 628 479 coust
640 413 769 476 novitius
783 427 845 473 non
859 406 948 471 debet
962 406 1049 486 ejici:

75 528 108 587 et
120 522 144 584 si
155 515 351 582 nihilominus
365 509 511 590 ejiciatur.
527 504 565 568 ad
575 503 768 586 Superiorem
779 504 877 582 potest
889 495 1051 580 appellare.

76 615 122 676 lta
135 608 237 691 plures
246 602 413 666 decisiones
422 599 572 677 Congreg,
590 596 716 655 Roman.

119 700 208 763 8681.
224 695 353 755 Erontm
366 685 526 770 pmerotim
541 681 693 765 loquendo
716 678 817 743 novitii
833 679 959 760 possunt
971 670 1053 736 Reli·
1119 665 1120 670 ’

79 790 204 868 gionem
217 782 355 845 deserere
375 783 404 840 et
427 774 466 838 cd
480 773 623 836 saeculum
638 769 757 847 redire,
772 785 835 830 non
856 765 948 848 petita
961 763 1055 826 liceu-

79 880 132 941 tia.
149 877 229 955 (Cap.
246 869 411 934 Slotcimus
424 867 473 934 83,
491 863 534 924 De
548 858 703 940 Regulam)

123 965 212 1027 8688.
228 959 346 1021 Dictum
360 951 523 1036 generatim
538 945 675 1030 loquendo
691 946 783 1028 :quia
796 943 821 1006 si
836 941 965 1005 novitius
979 941 1056 1002 emi·

81 1056 170 1119 sisset
189 1056 293 1112 votum
313 1045 404 1106 talem
428 1035 615 1122 ingrediendi
638 1035 848 1117 Religionem,
873 1049 935 1093 non
957 1037 1058 1112 posset

82 1143 294 1225 streperem,
309 1153 347 1197 ex
360 1135 443 1194 mera
456 1130 583 1200 levitate,
600 1131 652 1188 aut
660 1123 851 1188 sensualitate
864 1119 903 1182 ad
913 1120 1058 1182 saeculum

83 1231 207 1307 reverli3
223 1229 296 1302 imo,
309 1225 395 1304 juxta
408 1222 440 1284 S.
453 1219 575 1299 Liguor.
591 1215 653 1295 (lib.
666 1219 696 1289 l,
708 1218 742 1274 u⁰
755 1216 818 1288 72),
834 1229 895 1272 non
910 1207 1058 1271 sufficeret
1138 1215 1140 1220 “

85 1319 168 1404 qudd
182 1323 323 1398 expertus
336 1311 440 1374 fuisset
452 1308 543 1370 talem
556 1305 648 1366 vitam
668 1321 732 1364 esse
748 1297 989 1373 incommodam,
1006 1297 1059 1360 sed

87 1412 205 1472 lantum
224 1406 248 1468 si
269 1400 474 1467 difficultatem
491 1393 576 1457 valde
599 1409 719 1474 gravem
741 1395 882 1471 expertus
896 1385 1014 1461 luisset3
1030 1393 1061 1448 et

88 1499 171 1561 illam
185 1493 362 1558 sententiam
376 1477 782 1559 vocatuerom:unde1uxla
796 1476 937 1540 eumdem
952 1475 1060 1556 proba-

91 1587 180 1648 bilius
194 1583 337 1646 lethaliter
351 1583 488 1661 peccaret
501 1572 629 1635 novitius
640 1569 692 1651 qui
702 1567 767 1630 sine
776 1569 866 1631 causa
878 1570 944 1646 post
957 1571 1061 1626 votum

92 1675 267 1756 religionem
281 1665 480 1750 ingrediendi,
495 1667 677 1726 conventum
690 1657 883 1738 relinqueret.

130 1766 218 1825 8683.
235 1759 310 1832 Quid
326 1759 351 1820 si
365 1755 432 1837 quis
446 1753 579 1832 ejiciatur
593 1753 611 1811 l
625 1746 780 1829 Religione
794 1749 863 1826 post
875 1747 977 1806 votum
991 1758 1062 1822 pro-

91 1851 214 1915 ttondit
226 1883 264 1897 -
278 1851 365 1910 Esset
377 1863 415 1906 ne
430 1843 504 1904 lilrer
518 1843 535 1902 a
547 1839 641 1902 roto?

131 1940 247 2022 Duplex
260 1944 306 1999 est
319 1933 483 1998 sententia:
497 1931 580 2009 juxta
601 1929 631 1990 S.
648 1926 784 2008 Liguon,
801 1918 907 2002 (ibid.)
922 1919 1063 2003 probabi-

91 2030 150 2091 liirs
167 2047 228 2090 non
241 2027 416 2088 liberaretur
430 2023 446 2082 ‘a
458 2027 536 2095 roto,
553 2017 604 2080 sed
619 2022 782 2091 teneretur,
798 2010 981 2073 mediocrem
995 2007 1063 2070 dili-

92 2118 225 2199 gentiam
243 2111 433 2186 adhibendo,
449 2108 537 2170 eliam
557 2105 744 2187 Religionem
758 2117 905 2184 quaerere.
922 2099 1064 2162 Commu·

94 2208 172 2269 niter
185 2210 322 2268 asserunt
331 2203 392 2263 RD.
409 2199 566 2281 praelatum
580 2213 641 2257 non
656 2192 750 2256 teneri
764 2198 864 2274 peiere
878 2187 1066 2270 Religionem

94 2303 177 2358 extra
191 2293 343 2376 propriam
358 2290 511 2350 nationem
525 2285 570 2347 rel
585 2282 789 2367 provinciam3
806 2285 835 2341 et
850 2277 990 2340 mulieres
1005 2295 1066 2338 non

94 2383 205 2446 debere
227 2383 351 2462 longda
373 2379 435 2440 suis
458 2374 631 2457 parentibus
650 2371 808 2452 exquirere
827 2366 1064 2429 monasterium:

96 2475 168 2554 quie
188 2471 224 2534 ad
240 2471 269 2533 id
285 2487 345 2532 non
366 2473 526 2530 censentur
545 2463 671 2524 voluisse
689 2477 721 2521 se
735 2457 878 2538 obligare.
894 2454 971 2517 Vide
991 2455 1067 2516 Gau-

96 2561 184 2624 uolet
196 2559 292 2640 (ibid,
307 2578 339 2644 p.
356 2560 417 2634 59).

579 2719 616 2778 ll.

379 2855 423 2916 De
437 2853 621 2934 Profesrr'one
639 2851 787 2933 religioso.

138 3009 228 3072 2688.
253 3005 428 3070 «Prolessio
447 3005 615 3088 Religiosa,
640 3005 738 3087 inquit
753 3005 877 3070 Billuert
899 3007 954 3088 (De
977 3008 1067 3072 Stolo

97 3120 114 3158 a
137 3099 237 3177 nup,
253 3095 324 3158 diss.
340 3099 371 3172 l,
386 3101 442 3158 art.
459 3097 504 3173 3),
520 3112 581 3156 non
596 3102 640 3158 est
654 3095 780 3177 simplex
794 3096 973 3178 promissio,
988 3099 1066 3161 utin

97 3209 113 3246 a
138 3193 206 3248 uoto
220 3185 346 3267 simplici
360 3233 368 3260 ‚
384 3183 435 3246 sed
450 3192 492 3246 est
505 3182 595 3245 simul
608 3183 656 3245 aui
670 3183 793 3246 traditio
807 3185 847 3246 od
862 3187 972 3247 cultum
986 3185 1067 3248 diui-

96 3298 113 3336 a
138 3295 217 3346 num,
230 3294 279 3336 seu
292 3273 332 3336 ud
345 3271 495 3336 uiuendum
504 3271 590 3346 casti,
601 3272 662 3333 sind
670 3275 794 3355 proprio
804 3283 833 3336 et
845 3274 897 3336 sul
906 3273 1067 3336 obedientid

97 3388 112 3424 a
138 3365 170 3426 io
186 3363 335 3444 Religione
348 3361 509 3445 approbati
522 3371 551 3424 et
562 3362 653 3422 airnul
667 3362 854 3424 traditionem
868 3363 1064 3444 accipiente.»

99 3451 228 3516 Proinde
251 3459 294 3514 est
315 3469 350 3513 ec
372 3451 395 3512 si
416 3451 483 3531 quis
502 3449 585 3512 alteri
607 3451 791 3531 promitteret
816 3451 930 3514 tructus
951 3451 1013 3532 agri
1039 3459 1069 3515 el

98 3540 300 3624 promittendo
314 3539 398 3601 deret
412 3539 510 3619 ipsum
524 3557 652 3620 agrum,
668 3557 760 3620 seque
774 3539 918 3621 obligaret
931 3541 968 3602 ad
984 3539 1068 3603 illum

97 3630 298 3694 excolendum
306 3627 782 3709 juxtavoluntatemacceptantis.
800 3627 944 3705 (Billuam
960 3629 1013 3698 ib.)

138 3721 229 3782 8685.
253 3718 325 3779 llaec
345 3715 482 3779 delinitio
503 3714 646 3796 supponit
664 3725 820 3777 voventem
844 3715 981 3778 abdicare
1006 3724 1068 3779 noll
