2522 4028
460 233 546 278 urm
567 233 683 280 ramus.
1002 223 1060 284 918

87 331 195 394 sallem
213 331 342 408 maiores
361 329 483 392 ordines
504 332 639 412 recipere
657 331 695 392 ab
713 331 862 412 Episcopo
881 329 1018 394 dioeecsis
1032 335 1063 396 in

87 425 151 501 qua
173 426 270 481 exstat
290 437 395 480 eorum
420 425 597 482 conventus.
621 421 693 482 Haeo
716 420 820 482 omnia
840 425 978 482 constant
1004 423 1065 484 sive

87 509 216 570 Decreto
226 507 389 570 Clementis
400 511 481 586 Vlll,
496 511 533 570 15
546 508 643 570 martii
659 512 737 572 1596
747 527 757 584 ;
769 508 831 570 aive
845 509 1066 573 Decretolnoo-

87 596 180 659 centii
206 598 294 672 Xlll‚
323 600 362 658 30
388 597 459 658 maii
489 601 584 672 17233
612 597 673 659 sire
697 598 821 659 Consul.
847 595 985 678 Impositi
1009 601 1064 661 Be-

89 684 162 747 ned.
177 687 255 762 XIV,
267 689 304 747 97
319 684 394 748 iebr.
412 689 506 758 1716,
523 703 654 768 quorum
668 683 878 767 dispositiones
896 684 1068 751 referuntur

90 776 159 835 11).
177 775 271 836 Bouix
286 773 341 850 (De
354 774 518 856 Episcopo,
534 783 557 836 t.
573 780 609 852 9,
624 793 655 856 p.
668 775 820 850 186199).

133 867 220 926 1996.
237 867 322 924 --1ο
345 863 452 926 Novitii
475 871 575 926 autem
600 870 727 945 possunt
739 862 861 925 ordines
879 864 1015 946 accipere
1030 865 1067 927 ab

91 953 241 1034 Episcopo
254 951 390 1014 d‘oeoesis
413 953 444 1013 in
459 955 519 1034 qui
537 951 619 1014 adest
642 957 828 1028 conventus;
844 951 896 1014 scd
910 952 977 1014 vide
991 953 1068 1018 inlru

92 1041 235 1118 dicenda,
250 1046 345 1104 2679:
361 1040 399 1103 ad
413 1059 505 1122 quem
520 1041 717 1130 Episcopum,
734 1059 796 1102 non
813 1040 851 1102 ad
874 1041 1067 1122 Superiorem

94 1131 283 1210 religiosum,
297 1130 405 1212 puriter
422 1135 536 1210 spectat
547 1129 731 1192 dimissorias
749 1129 862 1192 eisdem
881 1131 1065 1193 concedere:

93 1218 163 1300 quia
173 1219 300 1281 habetur
312 1225 346 1280 ut
359 1219 525 1300 Episcopus
539 1217 693 1280 domicilii.
705 1220 742 1280 V.
753 1219 848 1281 Bouix
859 1218 924 1297 lib„
937 1238 967 1301 p.
986 1224 1064 1300 187).

134 1311 222 1370 1997.
239 1310 328 1389 llesp.
338 1313 369 1369 2⁰
379 1307 482 1380 Quoad
493 1306 611 1369 litterar
624 1307 832 1368 dimissoriales
846 1305 992 1389 religiosis
1001 1327 1068 1391 pro-

91 1396 180 1460 fessis
193 1396 418 1470 concedendas,
435 1395 499 1458 duri
522 1396 633 1458 debent
646 1397 763 1458 tentum
777 1398 795 1458 a
809 1397 962 1477 Superiori
975 1416 1066 1478 regu-

92 1485 147 1548 lari
155 1506 164 1560 ;
181 1494 319 1548 neolone
333 1486 507 1548 necessariae
521 1491 592 1548 sunt
605 1484 781 1548 dimissoriae
796 1483 834 1545 ab
848 1485 996 1566 Episcopo
1011 1486 1069 1548 ori·

93 1575 174 1656 ginis
197 1583 249 1636 aut
274 1573 313 1636 ab
335 1574 411 1651 alio,
436 1574 479 1637 uti
502 1581 619 1636 constat
636 1591 673 1635 ex
695 1573 812 1634 Declar.
840 1573 871 1634 S.
892 1574 925 1634 C.
950 1575 1063 1636 Concil.

93 1661 134 1725 28
147 1663 206 1725 leb.
230 1667 317 1724 1651.
335 1661 471 1724 Subditir
494 1661 560 1724 uero*
573 1660 760 1725 secularibus
774 1661 877 1723 littcrae
891 1661 1067 1725 dimissoriae

94 1751 296 1814 concedendae
308 1759 378 1814 sunt
391 1751 429 1812 ab
443 1751 591 1832 Episcopo
604 1750 741 1812 dioecesis
755 1749 833 1812 intra
851 1768 943 1831 quam
969 1749 1067 1814 Abbas

93 1841 296 1916 constituitur,
312 1839 525 1902 relaviciniori
538 1840 697 1921 Episcopo,
710 1837 831 1920 quando
841 1838 939 1920 agitur
952 1839 990 1900 de
999 1840 1067 1902 sub-

92 1930 164 1992 ditis
178 1929 209 1992 in
223 1929 371 1992 territorio
388 1929 508 2012 proprie
525 1927 636 1989 nuliius
656 1928 934 1990 commorantibus:
951 1936 1067 1991 constat

92 2037 132 2080 eu
145 2017 259 2081 Concil.
275 2018 408 2080 Trident.
430 2023 513 2094 (sess.
530 2019 586 2092 93,
606 2035 634 2079 c.
652 2021 699 2096 10)
714 2023 744 2079 et
756 2017 845 2080 variis
858 2016 1065 2080 declarationi-

93 2107 153 2169 bus
163 2109 193 2170 S.
210 2110 242 2170 C.
255 2107 376 2168 —Vide
390 2106 484 2168 Bouix
497 2153 504 2184 ‚
519 2106 560 2168 lle
569 2106 730 2187 Episcopo,
741 2110 859 2182 tom.2,
870 2125 901 2188 p.
913 2111 983 2184 907,
994 2113 1064 2186 ctc.;

95 2195 229 2258 Ferraris
245 2197 285 2274 (r0
297 2193 388 2269 Ordo,
404 2202 459 2256 art.
476 2197 511 2271 3,
528 2197 634 2272 11059).

136 2289 224 2348 1998.
247 2283 472 2347 Observandum
491 2289 535 2345 est
554 2291 656 2345 autem
675 2282 775 2365 quod,
792 2284 824 2345 in
838 2301 910 2346 casu
924 2285 1066 2348 absentie

92 2375 235 2456 Episcopi
244 2374 301 2436 loci
316 2375 347 2436 in
361 2392 422 2455 quo
435 2379 491 2435 stat
504 2372 785 2446 monasterium,ch
800 2391 871 2436 casu
883 2373 913 2434 in
927 2391 989 2456 quo
1004 2391 1065 2437 nou

93 2463 173 2525 liunt
182 2463 221 2525 ibi
231 2464 324 2526 solilae
331 2461 534 2524 ordinationes
544 2507 552 2537 ‚
563 2460 666 2524 littcrae
673 2460 711 2523 ad
719 2461 900 2542 Episcopum
915 2481 977 2523 non
991 2461 1064 2526 dioe-

92 2571 238 2615 cesanum
259 2551 378 2614 direetae
396 2550 507 2612 debent
526 2551 681 2612 continere
698 2553 838 2630 expresse
852 2549 934 2631 qudd
948 2550 1066 2632 Episco-

94 2659 153 2721 pus
171 2641 227 2703 loci
248 2641 325 2703 absit
340 2646 391 2702 aut
413 2657 474 2702 non
492 2639 530 2700 sit
547 2637 767 2700 ordinationem
789 2637 960 2716 habiturus,
976 2646 1066 2720 atque

94 2729 227 2812 idipsum
245 2747 348 2792 verum
366 2727 536 2791 authentice
549 2727 691 2789 declarari
709 2725 828 2788 debota
843 2725 959 2790 vicario
973 2728 1066 2792 Gene-

94 2819 148 2880 rali
162 2865 171 2895 ‚
187 2814 233 2880 vel
249 2815 431 2880 cancellario
446 2815 582 2896 ejusdem
595 2814 764 2877 dioecesani*
774 2814 927 2897 Episcopi.
943 2850 983 2862 -
1001 2818 1066 2881 Euo

91 2913 196 2969 tamen
210 2906 335 2968 minime
353 2911 398 2968 est
412 2904 613 2967 necessarium
630 2903 752 2984 quando
767 2903 846 2966 Ordo
861 2903 989 2985 speciale
1003 2909 1064 2988 pri-

93 2994 235 3076 vilegium
248 2995 339 3058 hebet
352 2999 386 3056 ut
398 2995 416 3056 a
429 3009 623 3075 quocumque
636 2991 785 3075 Episcopo
804 2991 949 3056 catholico
971 2993 1064 3076 ipsius

92 3084 219 3163 subiecti
243 3082 440 3146 ordinentur:
457 3087 573 3144 constat
595 3099 633 3144 ex
654 3081 844 3144 documentis
856 3100 947 3164 supra
964 3083 1064 3164 (1995)

94 3172 242 3236 indietis.
257 3172 333 3235 Vide
347 3169 442 3235 Bouix
452 3171 509 3238 (De
518 3169 685 3255 Episcopo,
700 3177 774 3234 tom.
792 3173 833 3250 9,
848 3175 972 3255 pllio).

536 3351 556 3433 5
573 3353 611 3416 11.

94 3487 136 3550 Oe
150 3487 318 3550 mcessitote
332 3487 417 3550 tituli
427 3486 617 3550 ecclesiastici
629 3465 872 3570 iapmmouecdr'a
884 3487 925 3552 od
934 3489 1060 3556 odino.

135 3633 222 3692 1999.
240 3632 296 3690 Per
308 3629 428 3692 titulum
440 3629 878 3712 intelligiturproprieEcelesia
891 3631 940 3692 cui
956 3630 1071 3695 ordina·

896 3729 961 3788 ’1111
