2522 3992
178 114 236 172 454
397 123 536 202 nanetus
556 123 657 172 tortus
677 124 758 172 tuuis
779 123 931 174 canumet.

176 247 192 285 a
217 225 310 289 lenrni
326 233 480 308 perpetue
493 227 636 290 rastitatis
649 233 718 290 voto
730 276 737 304 ,
749 234 778 290 et
787 232 903 290 servato
912 225 1060 310 quautbm
1074 225 1114 290 in
1126 245 1174 294 eo

177 338 192 376 a
218 323 296 378 statu
310 317 471 379 commode
486 316 550 379 beri
569 323 699 398 poterat,
714 323 784 380 voto
797 317 996 400 paupertatis,
1008 316 1065 379 sub
1078 317 1171 381 obe-

177 427 193 464 o
218 405 330 468 dientia
344 414 374 467 et
384 405 593 485 jurisdictione
606 405 793 470 ordinarii...
810 405 985 468 immediate
1004 405 1172 486 subjectos

179 517 193 552 a
218 513 284 558 esse
297 502 327 556 et
340 513 482 572 manere,
497 501 555 558 etc.
571 517 586 554 a
610 531 650 542 —
669 494 729 558 Sed
749 494 815 558 haec
832 493 995 558 declaratio
1008 513 1071 556 non
1086 513 1172 577 sup·

180 585 286 666 pressit
308 583 436 646 Ordines
453 583 629 665 religiosos,
653 590 688 648 ut
709 589 792 666 patet
814 601 851 646 ex
873 584 974 646 verbis
1000 583 1170 664 ipsiusmet

178 671 476 755 declarationis‚quae
490 673 565 736 nihil
578 674 735 736 continent
743 691 780 736 ex
794 671 1079 754 quodeduci-raleat
1088 693 1171 754 sup

180 781 298 842 pressos
313 761 403 824 luisse
424 760 553 825 Ordines
566 763 739 844 religiosos,
754 767 784 825 et
797 780 866 843 quae
880 763 1004 844 insuper
1017 764 1169 844 expresse

179 851 332 914 declarant
346 851 482 933 praelatas
495 851 707 934 dispositiones
730 851 833 915 locum
845 851 956 914 habere
970 852 1088 914 tantiam
1105 871 1168 933 pro

178 941 319 1024 praeunti
336 949 436 1018 statu,
452 940 580 1022 proinde
594 941 779 1004 transitorias
793 959 873 1016 esse,
889 949 919 1004 et
938 939 1002 1002 lore
1015 939 1169 1004 desinitu-

181 1047 230 1091 ras
243 1029 343 1092 statim
357 1048 393 1092 ac
415 1029 541 1092 meliora
553 1037 691 1111 tempora
707 1030 799 1092 aliam
821 1025 1029 1092 conditionem
1044 1029 1170 1111 regula-

182 1117 264 1180 ribus
277 1117 471 1200 praestabunt.

222 1206 396 1288 Supradicta
410 1208 553 1291 applicari
568 1227 631 1272 non
644 1207 756 1272 debent
767 1207 905 1272 societati
914 1209 998 1280 lesu,
1007 1207 1079 1290 quia
1091 1226 1170 1291 sup

204 1315 283 1358 ressa
298 1296 426 1360 lueralb
441 1299 594 1362 Clemente
607 1299 685 1368 XIV.
702 1306 731 1360 et
744 1297 880 1360 restituta
894 1314 955 1359 non
967 1296 1021 1360 luit
1036 1297 1091 1359 nisi
1108 1317 1168 1378 per

182 1315 272 1448 Eium
283 1389 344 1460 Vll,
356 1388 497 1466 cumjam
508 1388 610 1470 plures
619 1387 691 1448 anni
702 1389 866 1470 atempore
877 1385 1057 1450 Concordati
1067 1386 1166 1468 elapsi

182 1471 312 1537 fuerant.
324 1479 365 1538 lta
382 1477 477 1540 Bouix
491 1477 558 1559 (ib,
575 1497 607 1560 p.
624 1479 777 1554 aut-383).

223 1569 313 1628 2585.
323 1567 419 1646 Hujus
429 1567 593 1630 canonistas
603 1566 831 1629 conclusionem
843 1583 905 1628 non
920 1565 1050 1629 admittit
1058 1573 1168 1630 auctor

183 1655 343 1729 Anotera,
361 1656 466 1718 saltem
480 1675 536 1737 pro
550 1655 734 1718 monialibus
752 1662 820 1716 uota
836 1655 982 1718 solemnia
999 1656 1167 1738 profitenti-

183 1743 239 1807 bus
254 1765 262 1818 ;
276 1747 358 1824 juxta
374 1745 473 1826 ipsum
489 1746 570 1806 enirn
586 1745 717 1826 antiquae
736 1745 882 1806 moniales
905 1745 1028 1823 Galliae,
1043 1746 1166 1810 licentia

184 1835 212 1896 S.
228 1833 313 1896 Sedis
324 1833 559 1914 indigueruntut
573 1852 666 1896 novos
677 1833 1014 1914 contentuserigerenl,
1026 1833 1118 1896 etiam
1135 1835 1166 1897 in

184 1923 256 1985 locis
271 1923 321 1986 ubi
339 1923 437 2004 prisca
461 1921 628 1985 habuerant
650 1922 851 1997 monasteria,
867 1923 929 1984 imb
944 1930 977 1986 ut
995 1940 1168 1988 reassume-

185 2021 252 2074 rent
276 2013 404 2093 ipsamet
430 2011 529 2092 prisca
551 2011 760 2088 monasteria3
785 2012 918 2074 rationes
944 2011 1039 2093 ipsius
1067 2021 1165 2075 sunt:

186 2105 217 2163 1⁰
231 2102 302 2182 quie
316 2099 454 2162 clausura
474 2119 529 2181 pro
552 2099 724 2180 hujusmodi
746 2100 892 2181 religiosis
914 2101 1057 2182 requisita
1070 2104 1089 2164 a
1102 2103 1167 2165 sola

185 2189 262 2252 Sede
279 2188 450 2270 epistolica
463 2191 550 2252 statui
566 2198 664 2272 potest
678 2210 687 2266 ;
702 2193 734 2252 2⁰
752 2191 822 2270 quia
841 2188 1002 2251 duodecim
1017 2191 1167 2254 moniales

186 2279 381 2359 requiruntur
395 2297 449 2360 pro
463 2279 612 2342 erectione
626 2278 798 2342 monasterii
812 2325 820 2356 ‚
833 2287 864 2339 et
877 2279 1029 2341 rarissime
1043 2277 1095 2342 lric
1107 2300 1165 2344 nu—

70 2423 75 2429 .
186 2386 288 2431 merus
302 2367 464 2430 coadunari
480 2370 576 2450 potuit
589 2387 626 2430 ex
636 2369 743 2450 priscis
757 2367 903 2450 religiosis
914 2387 922 2443 ;
934 2375 1115 2448 quaeautem
1130 2389 1167 2433 ea

186 2457 252 2520 aliis
265 2456 408 2519 Institutis
423 2475 455 2520 se
469 2457 513 2519 cis
526 2457 749 2536 adjunxerunt,
765 2475 802 2518 ex
819 2457 883 2518 solt
897 2456 1046 2518 Ordinarii
1070 2465 1168 2540 poles

186 2551 245 2608 tate
264 2546 380 2610 admitti
398 2565 459 2608 nou
479 2551 662 2628 potuerunt;
687 2553 832 2628 praeterea
845 2553 976 2628 potestas
989 2545 1168 2610 admittendi

187 2636 223 2698 ad
238 2635 373 2699 habiturn
398 2643 428 2698 et
449 2635 668 2718 professionem
681 2635 851 2698 solemnem
866 2635 976 2698 insola
999 2637 1169 2700 communi·

187 2733 245 2788 tate
259 2727 404 2788 canonice
417 2724 549 2787 institutit
558 2725 670 2786 residet
680 2771 689 2802 ,
700 2731 731 2787 et
744 2725 906 2807 ecapitulo
921 2725 1015 2806 ipsius
1029 2727 1085 2787 rite
1098 2744 1169 2788 cou-

186 2824 291 2876 uocato
305 2818 421 2876 tanturn
437 2814 568 2877 exerceri
583 2821 696 2895 potest:
710 2813 762 2876 sed
773 2815 925 2895 pleraeque
935 2815 1168 2878 communitates

188 2903 235 2964 his
248 2901 473 2968 conditionibus
485 2911 649 2967 caruerunt
663 2910 730 2984 post
744 2903 874 2966 reditum
888 2902 926 2964 ad
941 2921 1014 2966 suos
1032 2922 1165 2966 consen·

188 2998 236 3053 tus
248 3013 255 3066 ;
268 3011 350 3074 ergo,
362 3002 433 3068 etc.;
446 2995 479 3054 3⁰
490 2993 621 3069 quiados
631 2991 784 3055 subiciens
794 2990 832 3053 ad
842 2990 964 3054 alendas
976 2997 1013 3054 ta
1024 2992 1167 3054 moniales

188 3080 345 3144 deliciebat
357 3103 364 3157 ;
376 3081 455 3143 l⁰ob
464 3081 559 3142 varias
570 3082 807 3144 modificationes
821 3099 890 3162 quae
903 3081 1072 3144 inserenda
1086 3089 1167 3143 erant

191 3171 312 3250 [tegulis
326 3178 355 3231 et
370 3169 655 3249 constitutionibus,
672 3178 706 3233 ut
728 3171 873 3233 moniales
888 3170 1041 3253 potuerint
1064 3186 1167 3234 uacare

192 3260 360 3320 educationi
378 3257 547 3339 puellarum
561 3259 599 3320 ab
615 3260 689 3340 ipsis
702 3261 872 3341 requisitae,
887 3268 917 3321 et
931 3279 1001 3340 quae
1017 3259 1137 3322 nonnisi
1151 3261 1169 3320 ia

191 3347 1167 3426 S.Pontificeinserivalebunt—Viderlnul.(22⁸liar„col.lli8‚

194 3437 262 3510 lli,
277 3437 350 3514 215)
368 3481 376 3510 ‚
392 3435 444 3496 ubi
465 3439 588 3517 insuper
610 3435 679 3514 (col.
706 3438 778 3519 tte)
793 3437 969 3500 observatur
982 3435 1064 3519 qudd
1083 3455 1092 3498 ε
1111 3437 1169 3500 aSi

194 3541 212 3581 ι
233 3520 262 3583 le
277 3522 516 3590 retablissement
528 3525 700 3607 eanonique
713 3524 768 3588 des
781 3533 926 3590 conventa
939 3526 1046 3608 exiges
1061 3525 1088 3588 le
1102 3543 1170 3589 rou·
