2522 3996
221 209 256 271 75
438 233 574 278 uanum
594 231 695 279 nortus
714 231 795 277 lUlllS
815 229 963 276 conomct.

225 351 237 390 o
262 329 365 392 munia
378 331 556 412 pastoralia,
585 329 750 412 praesertim
768 328 979 410 principaliora
995 331 1191 410 personaliter

226 439 238 476 a
261 427 400 499 praestare
414 438 475 481 non
491 420 681 494 intermittam
700 425 730 480 et
743 417 864 498 quando
879 418 1057 480 nominatim
1070 431 1192 484 rocamr

226 527 237 566 a
261 509 278 568 a
302 508 509 588 parochianis,
542 507 580 570 ad
605 507 685 588 ipsos
710 507 876 588 praesertim
900 504 1037 568 infirmos
1064 507 1108 571 ire
1131 529 1191 572 nou

226 616 238 654 o
262 603 428 682 recuset...
456 599 608 678 Doretque
630 595 688 659 hoc
707 601 825 675 recepta
848 594 1035 657 consuetudo
1057 615 1126 676 quae
1150 607 1192 661 est

225 704 239 742 o
262 685 375 764 optima
385 682 800 765 leguminter·pres.oEadem
810 682 958 745 habentur
966 701 1015 764 ap.
1025 685 1190 765 haldenst,

225 771 276 834 lib.
293 775 330 849 3,
345 773 390 834 tit.
402 777 436 847 t,
450 771 490 833 n¹·
504 776 610 835 tta-87.
904 845 905 848 Ἴ

268 875 509 938 «Communiter
529 875 633 938 dicunt
654 877 730 952 Dll.,
759 873 857 956 inquit
878 875 910 937 S.
935 875 1056 955 Lignor.
1073 878 1136 955 (lib.
1153 885 1191 958 l,

233 981 245 1022 s
265 974 300 1024 n⁰
314 966 400 1040 ma),
415 981 452 1025 ex
468 963 579 1026 declar.
596 965 627 1026 S.
643 965 689 1041 G.,
709 962 791 1044 qudd
806 962 954 1044 parochus
964 983 1023 1025 non
1039 971 1193 1047 reputetur

229 1071 242 1110 e
265 1050 396 1113 residere
418 1052 442 1113 si
462 1051 662 1133 perseipsum
678 1069 739 1113 non
753 1059 888 1114 exerceat
901 1051 1112 1134 principaliora
1125 1075 1192 1118 nru-

226 1161 241 1198 o
266 1157 356 1214 nera,
375 1157 483 1221 nempe
498 1139 785 1202 administrationem
799 1140 881 1202 uerbi
899 1139 1007 1218 divini,
1021 1159 1192 1206 sacramen·

226 1249 241 1284 n
265 1233 365 1290 torum
378 1275 386 1304 ,
401 1233 490 1290 etc.»

267 1334 355 1392 ll'll.
378 1331 481 1404 Quoad
503 1332 721 1394 restitutionem
745 1331 917 1410 fructuum,
944 1332 1068 1413 quidam
1088 1333 1194 1398 dicunt

228 1418 265 1480 ad
279 1419 361 1480 illam
375 1438 436 1482 non
452 1420 548 1482 teneri
569 1420 715 1502 parochos
736 1419 878 1482 inutiliter
900 1421 1074 1498 residentes,
1101 1425 1191 1504 quia,

228 1507 325 1588 inquit
342 1508 533 1572 Reiffensluel
547 1508 610 1587 (lib.
626 1511 661 1585 3,
677 1509 720 1570 lit.
743 1513 778 1582 4,
795 1517 828 1570 n⁰
841 1511 901 1586 87),
912 1510 987 1572 tales
1000 1513 1194 1592 corporaliter

229 1596 358 1658 resident
368 1643 375 1674 ,
387 1603 418 1660 et
425 1614 478 1678 per
485 1603 692 1679 cooperatores
701 1643 709 1673 ,
718 1613 822 1659 curam
832 1597 1002 1660 animarum
1016 1599 1078 1660 suis
1092 1619 1194 1684 sump

228 1684 306 1747 tibus
320 1691 444 1766 gerunt;
460 1685 512 1748 scd
521 1685 705 1748 contrarium
718 1685 817 1748 veriirs
826 1694 909 1766 putat
919 1687 950 1748 S.
962 1686 1098 1767 Lignea,
1108 1691 1194 1768 cujus

232 1775 360 1836 rationes
384 1772 450 1836 ride
464 1771 561 1850 (itta,
582 1772 655 1836 dub.
670 1776 710 1850 3).
724 1807 764 1819 —
778 1773 853 1837 Vide
867 1774 957 1836 etiam
971 1774 1048 1837 infra
1065 1775 1193 1840 dicenda

229 1861 326 1940 (2361,
344 1869 414 1938 etc,
429 1864 618 1941 hlamma).

270 1962 486 2096 ¹⁴⁷5.·,0uaef⁵t·
497 1966 547 2024 tat·
560 1965 594 2024 ln
603 1979 663 2044 quo
677 1963 742 2026 loco
756 1963 870 2044 possint
879 1970 909 2026 et
920 1963 1049 2026 debeant
1061 1966 1192 2029 residere

232 2051 559 2234 paffecslhegularioer
572 2151 717 2234 parochos
730 2153 839 2215 debere
856 2153 987 2216 habitare
1005 2155 1083 2218 intra
1103 2175 1190 2238 paro-

231 2240 305 2303 chiae
319 2241 427 2302 limites
439 2247 469 2302 et
482 2241 513 2302 in
526 2240 617 2303 dumo
631 2239 807 2322 parochiali,
822 2243 847 2304 si
866 2241 953 2304 adsit.
977 2245 1020 2305 lta
1033 2245 1063 2307 S.
1079 2245 1189 2326 Congr.

232 2330 335 2400 Cone..
353 2348 402 2411 ap.
417 2329 549 2410 Fagnan.
565 2329 640 2392 Vide
655 2329 748 2391 Bouix
761 2328 824 2407 (it.
841 2349 872 2413 p.
887 2333 967 2410 560).

271 2435 355 2496 lusia
368 2439 466 2495 autem
481 2435 570 2495 causa
590 2432 821 2510 interveniente,
840 2438 936 2514 potest
954 2431 1101 2514 parochus
1123 2433 1192 2497 alihi

233 2522 324 2604 quam
338 2521 370 2582 in
385 2520 545 2603 parochiali
558 2521 649 2584 domo
662 2519 810 2597 habitare;
826 2521 869 2583 sie
878 2520 1008 2603 parocho
1029 2521 1094 2584 seni
1116 2541 1194 2586 con-

232 2611 322 2674 cessit
334 2611 366 2672 S.
382 2609 576 2692 Congregatio
595 2616 629 2673 ut
651 2609 683 2670 in
697 2609 788 2672 domo
805 2613 928 2691 paterna
947 2609 1080 2672 ecclesiae
1096 2611 1193 2674 vicina

234 2716 355 2761 manere
376 2705 484 2780 posset.
501 2698 574 2761 Vide
595 2696 675 2779 apud
695 2697 911 2778 regnanto.
934 2697 1029 2762 Bouix
1050 2698 1190 2771 citatum.

234 2785 321 2863 thid„
336 2805 367 2868 p.
382 2789 453 2848 561.

271 2887 336 2949 lmd
350 2894 431 2950 extra
454 2885 600 2968 parochia
626 2885 734 2949 limites
755 2885 887 2950 hahitare
904 2891 1000 2969 potest
1023 2888 1191 2968 parochus,

232 2975 310 3054 iusta
322 2975 359 3038 de
374 2979 462 3038 eausa
479 2993 549 3038 cum
571 2974 706 3051 licentii,
721 2975 813 3037 modo
827 2974 910 3038 locus
930 2973 969 3036 ita
981 2975 1097 3038 vicinus
1111 2977 1150 3040 sit
1163 2983 1193 3039 ut

235 3063 364 3128 officium
378 3082 466 3126 suum
480 3065 691 3126 convenienter
708 3064 826 3144 explere
843 3063 953 3138 valeat3
968 3063 1011 3125 sic
1029 3065 1060 3126 S.
1080 3065 1189 3146 Gongr.

235 3153 324 3214 Cone.
348 3152 396 3214 die
415 3155 452 3214 ta
470 3153 535 3230 jun.
553 3154 649 3214 leotz
669 3152 856 3214 «Censuit...
873 3151 1089 3231 Episcopum...
1105 3171 1192 3234 posse

235 3261 250 3298 u
274 3242 458 3322 permittere,
473 3245 506 3300 ut
531 3247 638 3316 rector,
657 3240 708 3320 qui
729 3259 827 3321 neque
848 3259 883 3302 ex
908 3239 1053 3301 lructihus
1067 3241 1148 3302 aedes
1162 3243 1191 3302 in

235 3349 250 3386 a
274 3327 432 3408 parochiali
446 3332 634 3402 construere,
649 3327 784 3390 necalias
796 3329 873 3389 intra
886 3345 946 3389 suae
955 3327 1102 3409 parochiae
1117 3328 1192 3390 lines

235 3437 251 3475 a
274 3415 441 3479 conducere
462 3421 577 3496 potest,
592 3415 735 3478 inhabitet
753 3416 877 3478 domum
899 3415 1035 3478 inarare
1053 3416 1190 3497 parochia

238 3525 252 3562 a
275 3503 443 3567 viciniori...
464 3509 555 3586 atqua
565 3510 643 3567 tta...
653 3521 821 3567 ammarum
834 3521 937 3567 curam
952 3511 1051 3586 gerat,
1067 3505 1192 3567 tructus

239 3612 251 3646 r
274 3609 336 3670 que
347 3607 418 3653 suos
434 3589 557 3668 iaciat„
575 3591 673 3654 donec
686 3594 744 3654 alia
761 3589 852 3662 ratio,
868 3595 928 3674 oua
940 3591 1106 3657 residentia
1118 3592 1191 3656 ada·
