2550 3992
330 281 415 330 tinen
437 283 597 330 senoricus.
621 299 660 313 -
681 283 869 332 trrsnnrcrs
1034 269 1092 330 6113

500 451 703 510 Decretum.

148 577 256 642 Auctis
268 577 441 639 admodum
457 594 495 638 ex
517 577 670 658 singulari
699 577 753 641 Dei
777 578 931 642 beneficio
946 588 1092 642 votorum

108 671 301 749 simplicium
316 666 481 739 liisiitutis,
499 671 542 728 uti
564 667 663 730 mulla
678 668 752 730 inde
776 667 858 731 bona
870 669 1030 743 oriuntur,
1052 671 1093 733 lta

110 761 214 838 aliqui
233 766 314 838 parit
335 756 538 818 incommoda
563 756 663 818 lacilis
679 755 883 819 alumnorum
908 759 1091 838 liujusniodi

110 851 295 912 societatum
310 863 464 925 egressus,
489 854 519 907 et
535 863 744 926 consequens,
769 865 806 908 ex
820 848 892 929 jure
906 848 1090 920 constituto,

111 953 270 1016 regressus
296 934 325 994 ln
355 934 516 996 dioecesim
544 935 686 1015 origine.
716 933 789 999 llaec
812 944 916 999 autern
949 938 1093 1018 gratiora

110 1029 207 1090 eliicit
223 1021 447 1101 temporalium
466 1022 624 1086 bonorum
646 1025 752 1106 inopia
769 1021 843 1106 qua'
855 1043 941 1087 nunc
954 1023 1092 1088 Ecclesia

111 1114 277 1198 premitur,
304 1110 389 1172 unde
409 1110 556 1190 Epi-copi
587 1131 671 1191 saepe
695 1112 859 1192 providero
880 1123 1044 1194 iisqueunt
1062 1122 1096 1176 ut

112 1204 159 1266 illi
184 1203 280 1264 sitnm
304 1200 437 1266 honesto
462 1203 641 1262 traducant.
671 1199 753 1276 Haec,
779 1200 906 1283 aliaque
926 1202 957 1264 id
981 1221 1094 1284 genus.

111 1295 205 1357 etiarn
219 1289 258 1351 de
280 1288 420 1350 alumnis
443 1285 599 1352 lli-diuum
626 1301 772 1351 votoruin
797 1291 998 1354 solemnium.
1026 1311 1096 1373 per-

112 1380 286 1467 pendentes
301 1377 450 1440 nonnulli
463 1377 548 1441 Sacri
567 1379 708 1441 locorum
724 1375 895 1450 Antistltes.
910 1398 965 1461 pro
984 1381 1097 1444 Eccle-

113 1472 225 1535 siastioi
242 1469 362 1532 ordinis
374 1466 487 1530 decoro
501 1485 530 1550 o*-
548 1467 700 1536 lideliurn,
711 1468 928 1542 aedificatione,
944 1471 984 1530 ab
997 1473 1097 1551 Apos-

112 1561 207 1624 tolica
233 1557 310 1621 Sede
350 1556 456 1619 enixis
490 1557 638 1638 precibus
669 1557 884 1638 pontiniacum,
921 1561 1094 1620 remediirn
1126 1551 1130 1558 ’

113 1647 244 1728 aliquod
272 1645 433 1708 adhiberi.
458 1645 536 1708 Curn
562 1664 637 1726 ergo
661 1655 761 1708 toturn
793 1647 953 1726 negotium
981 1647 1096 1710 ssmus

114 1740 150 1802 D.
168 1736 203 1800 N.
225 1737 286 1799 Leo
301 1735 357 1798 PP.
379 1733 448 1797 Xlll
464 1735 626 1796 detulisset
640 1733 743 1797 Sacrae
759 1735 833 1796 huic
852 1733 1097 1815 congregationi

114 1827 342 1910 Episioporuin
354 1839 385 1885 ei
400 1823 600 1905 Regularium
616 1821 750 1902 Negotiis
763 1831 793 1884 et
808 1821 1097 1886 consultationibus

117 1915 301 2000 prepositae.
318 1912 385 1974 Emi
401 1914 505 1974 Patres
530 1913 561 1973 in
584 1911 746 1974 Convent'u
772 1915 915 1992 plenaro
936 1913 1044 1976 liabito
1065 1915 1097 1976 in

115 2001 463 2069 llatioanisaellbusdle
478 1999 517 2064 29
534 2019 632 2062 niens.
648 2001 781 2080 Augusti
797 2001 872 2062 anni
890 2000 1099 2084 l8lll,praevi0

117 2107 242 2159 maturo
253 2093 397 2155 exainine
426 2107 462 2153 ac
485 2091 614 2153 ··iscussi
629 2109 688 2166 ine,
712 2107 928 2172 perpensaque
953 2110 1098 2153 uini-ersa

117 2189 162 2249 rei
184 2185 315 2256 ratione,
343 2190 536 2258 opportunas
557 2181 649 2242 oiloie
667 2177 858 2242 censuerunt
879 2179 1100 2258 dispositiones

118 2292 174 2358 per
194 2269 339 2352 generale
352 2268 510 2330 decretum
527 2269 643 2348 unique
660 2269 799 2330 locorum
816 2281 974 2351 perpetuis
988 2271 1101 2332 futuris

118 2360 313 2440 temporibus
332 2356 511 2418 servandas.
528 2355 608 2428 Quas
622 2375 692 2417 cuni
710 2355 763 2419 SS.
782 2355 816 2418 D.
829 2356 865 2417 N.
882 2359 914 2418 in
932 2359 1099 2420 Audientia

117 2453 153 2518 d.
167 2453 205 2514 ai
220 2447 305 2530 Sept.
323 2446 417 2525 liujus
432 2447 506 2506 anni
531 2444 604 2505 toea
632 2443 830 2524 inliuscripio
856 2443 1028 2506 Secretario
1046 2446 1100 2507 be-

118 2544 215 2624 nigne
231 2537 387 2620 impertita
410 2534 544 2616 probare
572 2546 601 2596 et
620 2533 808 2612 confirmare
829 2533 977 2612 dignatus
997 2534 1098 2602 luerit,

118 2651 156 2696 ea
183 2647 254 2710 que
282 2635 458 2707 sequuntur
479 2641 534 2704 per
567 2641 716 2705 praesensx
741 2621 901 2684 decretum
924 2623 1101 2704 Apostolica

118 2719 311 2786 Auctoritatis
329 2723 512 2776 statuuntur
526 2723 557 2776 et
572 2712 796 2776 decernuntur.

160 2811 182 2873 l.
201 2805 314 2869 Firmis
325 2801 563 2866 remanentibus
586 2801 817 2865 Constitutione
829 2799 861 2863 S.
879 2800 925 2863 Pii
941 2799 966 2863 ll
983 2800 1046 2864 diei
1065 2803 1101 2864 tt

119 2899 186 2963 Oct.
203 2897 279 2960 atini
297 2892 385 2966 taos,
404 2892 568 2971 incipient.
585 2891 740 2953 Romanus
762 2888 919 2970 Pontifex,
943 2900 974 2953 et
996 2891 1101 2954 decla-

119 2988 245 3052 ratione
259 3002 303 3046 sa.
322 2999 388 3044 mc.
410 2980 453 3043 Pii
470 2979 527 3043 PP.
544 2979 582 3042 lX
594 2977 789 3042 editadioll
807 2997 904 3042 mens.
922 2979 1007 3044 lunii
1026 2983 1101 3043 anni

121 3079 212 3152 lesit,
229 3073 349 3157 quibus
362 3070 587 3150 Superioribus
598 3067 752 3132 Ordinum
769 3068 856 3144 Regu
871 3071 973 3132 arioni
990 3071 1102 3151 prohi-

121 3168 225 3240 betur,
244 3181 282 3225 ne
305 3163 423 3223 litteras
446 3159 672 3223 dimissoriales
696 3159 871 3222 concedant
893 3158 1022 3221 Novitiis
1047 3168 1103 3219 ant

122 3252 271 3318 Proteus
291 3265 435 3312 vitorum
457 3250 652 3329 siinpliciuin
678 3247 905 3320 triennalium,
929 3245 968 3307 ad
995 3249 1053 3308 lioo
1070 3258 1104 3310 ut

122 3345 214 3406 titulo
238 3339 430 3421 Paupertaiis
456 3339 496 3400 ad
519 3337 572 3400 SS.
606 3336 744 3402 Ordines
768 3336 942 3418 promoveri
967 3335 1102 3411 valeant,

121 3434 239 3496 eaeilein
254 3432 477 3509 dispositiones
492 3429 709 3490 extenduntur
725 3430 822 3489 etiarn
839 3425 876 3487 ail
892 3426 1034 3486 Instituta
1051 3445 1103 3486 vo·

124 3534 227 3585 torum
243 3519 448 3600 simplicium,
461 3517 543 3580 itaul
555 3516 668 3579 ltorurn
682 3515 843 3580 lnstituloi
853 3533 907 3576 uin
920 3513 1104 3596 Superiores

124 3631 189 3675 non
205 3607 369 3690 possintin
381 3621 540 3687 posterum
558 3608 678 3669 litteras
692 3605 918 3669 dimissoriales
931 3605 1104 3674 concedere

967 3698 1023 3764 20*
