2522 4028
212 201 270 265 llll
432 220 690 267 annuntiaremus
711 220 793 266 runis
814 219 963 266 aaronica

251 327 340 385 aluo.
364 327 436 396 011ae
450 324 608 403 disciplina
621 323 659 384 ab
673 322 807 385 Ecclesia
819 321 1035 384 Tarraconensi
1052 321 1197 402 primirm

148 435 152 440 ·
214 413 396 494 amplexata,
417 412 527 475 deinde
546 414 577 474 in
591 430 714 474 omnem
730 410 881 492 Hispania
895 410 1050 490 regionem
1067 417 1198 471 extensa

215 499 285 575 tuit,
306 509 339 564 ut
358 509 475 564 constat
487 519 524 564 ex
538 501 673 564 Concilio
686 500 830 563 Toletano
848 501 913 560 Vlll
934 499 1004 560 anni
1020 502 1087 560 658
1109 497 1199 576 (Phil-

216 589 311 673 lipps,
328 597 403 653 tom.
420 595 434 653 l
447 637 454 663 ‚
472 610 502 673 p.
519 593 599 668 533).
616 590 760 669 -Magis
773 596 873 650 aulem
887 607 998 670 anceps
1011 588 1071 650 luit
1086 587 1198 658 Gallia,

215 687 248 741 ut
262 686 342 760 patet
354 697 391 742 ex
404 679 493 742 uariis
509 678 602 760 ipsius
616 678 757 759 Synodis,
777 695 907 759 quarum
925 677 991 739 uliae
1009 676 1150 738 clericos
1164 675 1200 736 ad

215 767 465 831 subdiaconatum
478 767 674 829 admittebant
688 768 754 828 sine
772 773 840 828 volo
854 765 1014 834 castitalis,
1038 765 1115 826 aliae
1129 765 1200 826 veni

216 855 281 919 sind
296 857 402 918 eodem
418 863 486 918 volo
500 855 614 919 aditum
629 855 702 937 ipsis
720 854 954 936 praecludebant.
969 853 1134 928 Tandem,
1152 859 1201 913 aul

237 961 270 1006 er
282 944 533 1008 introductionem
547 945 616 1007 vitae
628 944 812 1017 canonialis,
830 945 861 1005 S.
883 941 1099 1023 Chrodogangi
1118 949 1200 1002 tem·

212 964 304 1126 §orm
322 1042 374 1096 aut
388 1052 441 1115 per
454 1033 551 1096 edicta
563 1033 658 1095 Caroli
679 1034 779 1113 Magni
794 1040 824 1094 et
841 1031 982 1096 Ludovici
999 1031 1065 1108 Pii,
1092 1030 1202 1110 regula

215 1119 306 1183 lirina
319 1123 483 1199 remansit,
499 1121 581 1204 quod
602 1120 639 1182 ad
656 1121 906 1183 subdiaconatum
930 1138 992 1182 non
1012 1119 1200 1182 admittendi

170 1237 172 1240 ·
218 1209 315 1272 lorent
335 1211 392 1276 nisi
413 1211 513 1274 clerici
536 1217 606 1273 volo
626 1211 768 1272 castilatis
792 1209 944 1272 constricti
967 1229 974 1270 :
995 1228 1065 1291 qnae
1093 1215 1201 1270 tamen

218 1299 341 1381 regula,
362 1301 480 1364 saeculis
496 1302 520 1362 X
535 1307 565 1362 et
578 1301 635 1373 lll,
652 1307 773 1380 propter
792 1299 882 1378 hujus
895 1299 948 1361 aevi
963 1299 1201 1380 corruptionem

219 1387 251 1450 in
274 1389 457 1452 oblivionem
480 1388 535 1451 luit
557 1387 681 1470 quidam
705 1387 825 1476 deditp;
845 1387 898 1449 sed
924 1405 990 1449 eam
1017 1387 1201 1449 restauravit

218 1478 279 1540 Leo
292 1481 350 1553 lll,
372 1479 459 1558 cujus
472 1477 594 1558 vestigia
614 1479 706 1538 seculi
726 1484 797 1538 sunt
819 1476 988 1558 Stephanus
1000 1477 1040 1537 IX
1060 1484 1094 1538 et
1108 1475 1201 1537 Nico·

219 1567 284 1630 laus
298 1569 339 1644 ll;
356 1585 523 1651 eorumque
541 1567 661 1628 decreta
680 1567 710 1627 S.
728 1565 890 1646 Gregorius
905 1567 956 1626 Vll
974 1564 1093 1641 denuo,
1118 1581 1200 1627 anno

221 1660 316 1735 lll'll,
332 1657 362 1719 in
377 1658 513 1720 Concilio
531 1658 668 1718 Romano
690 1655 894 1724 conlirmavit,
912 1672 949 1717 ac
962 1655 1089 1716 strenue
1111 1671 1201 1716 exse·

220 1747 373 1808 cntionem
388 1747 545 1827 promovit.

260 1839 350 1897 2121.
374 1839 439 1896 Non
450 1843 550 1897 tamen
564 1833 691 1897 cannino
700 1840 817 1897 constat
829 1851 865 1896 ex
879 1839 952 1896 tunc
965 1833 1199 1896 matrimonium

222 1923 367 1984 lrclericis
381 1923 413 1984 in
433 1923 524 1984 sacris
542 1931 746 1995 contractum,
768 1922 903 1986 habitum
918 1921 1010 1985 luisse
1023 1931 1058 1985 ut
1073 1939 1198 2006 prorsus

224 2011 342 2073 nullum
358 2011 443 2090 [Vide
465 2011 622 2093 Philipps,
645 2011 734 2087 ibid,
756 2029 786 2093 p.
810 2011 889 2092 536).
906 2045 945 2058 -
963 2009 1021 2075 Sed
1035 2013 1098 2075 tale
1119 2013 1199 2075 cerlo

222 2099 405 2162 declaratum
421 2099 498 2162 initu
510 2101 644 2162 Concilio
653 2101 843 2162 Laterancnsi
855 2103 892 2162 lV
903 2099 1015 2179 (itinn,
1025 2108 1056 2162 et
1069 2102 1196 2164 demum

224 2190 240 2251 a
256 2187 663 2259 ConcilioTridenlinolsess.
681 2194 806 2262 ll,can.
822 2188 919 2266 9),his
933 2189 1049 2252 ieritis:
1064 2192 1120 2253 «si
1132 2188 1197 2272 quis

143 2357 147 2364 μ
223 2300 238 2336 u
264 2275 370 2365 dixerit
383 2275 508 2340 clericos
522 2278 553 2338 in
567 2280 659 2340 sacris
672 2277 828 2340 ordinibus
841 2286 1034 2354 constitutos,
1049 2279 1098 2342 vel
1113 2297 1194 2359 regu

224 2388 239 2426 a
265 2365 357 2441 lares,
384 2368 549 2428 castitatem
563 2367 737 2429 solemniter
751 2366 919 2449 professos,
935 2385 1023 2450 posse
1037 2370 1196 2432 matrimo-

225 2477 239 2515 u
266 2455 350 2517 nium
364 2455 551 2528 contrahere,
566 2459 813 2537 contractumnue
827 2457 959 2518 validum
972 2476 1047 2531 esse,
1066 2477 1130 2521 non
1145 2456 1197 2518 ob-

225 2565 240 2605 a
265 2551 361 2606 stante
376 2545 441 2626 lege
455 2545 655 2607 ecclesiastica
668 2547 713 2606 vel
727 2551 846 2619 voto...,
861 2546 1019 2608 anathema
1034 2547 1083 2610 sit.
1100 2571 1115 2606 a

266 2633 342 2706 Ouid
352 2641 454 2698 auum
464 2635 495 2695 in
510 2634 598 2696 variis
611 2634 754 2697 Ecclesiae
768 2635 876 2696 seculis
888 2637 1095 2717 prescriptum
1110 2633 1196 2698 suerit

227 2723 347 2786 relative
361 2724 398 2785 ad
418 2723 636 2786 continentiam
656 2723 695 2784 de
710 2723 826 2785 clericis
847 2726 877 2784 in
900 2724 1069 2788 minoribus
1087 2721 1191 2788 consti-

228 2813 315 2885 tutis,
331 2813 398 2875 vide
411 2831 578 2893 expensum
591 2811 671 2893 apud
681 2812 805 2875 citatum
819 2811 973 2894 Phillipps.
985 2812 1137 2896 Quidquid
1147 2810 1191 2883 sit,

229 2895 247 2962 it
269 2900 421 2964 Bonilacio
435 2903 499 2963 VllI
522 2902 670 2963 sancitum
691 2900 747 2963 luit
770 2901 852 2982 quod
874 2903 919 2964 vir
940 2905 1120 2985 conjugatus
1142 2913 1190 2961 nec

229 2989 266 3052 ad
280 2991 411 3072 primam
424 2998 581 3052 tonsuram
602 2989 676 3052 loret
690 2989 906 3068 admittendus,
922 2991 979 3053 nisi
993 2992 1131 3074 expresse
1145 2987 1189 3048 ha·

230 3077 329 3141 buerit
341 3079 478 3140 animum
495 3078 622 3141 Ordines
640 3079 747 3142 Sacros
764 3079 967 3160 suscipiendi,
991 3081 1118 3162 proinde
1136 3089 1186 3138 nou

228 3167 427 3252 permanendi
448 3185 518 3229 cum
534 3171 587 3230 sua
601 3187 706 3243 uxore,
722 3187 790 3250 qum
803 3175 903 3230 tamen
919 3169 1010 3232 inrita
1028 3189 1089 3232 non
1105 3167 1187 3250 potest

226 3250 410 3336 derelinqui,
427 3257 484 3317 nisi
499 3256 530 3318 in
542 3257 660 3319 casibus
674 3258 770 3336 tiore
785 3259 948 3338 permissis.

274 3349 362 3406 2122.
375 3345 436 3407 Etsi
447 3345 494 3407 lex
507 3345 658 3408 caelibatus
671 3348 708 3408 sit
719 3346 795 3425 juris
808 3346 998 3410 ecclesiastici
1008 3395 1015 3421 ,
1026 3345 1186 3409 tundamen-

236 3443 299 3502 tum
315 3451 413 3504 tumen
428 3441 518 3505 habet
531 3441 561 3504 in
577 3443 751 3524 Scriptura,
763 3451 795 3505 ut
808 3444 1004 3523 sequentibus
1017 3451 1097 3524 patet
1111 3435 1186 3503 :dici-

236 3531 424 3592 turnomio
445 3533 575 3614 Epistolt
591 3527 623 3594 1¹
639 3531 677 3593 ad
693 3531 883 3593 Timotheum
910 3533 994 3613 (cap.
1023 3535 1061 3608 3,
1078 3551 1106 3594 r.
1132 3525 1183 3605 ²i²

243 3642 257 3676 a
276 3617 400 3700 Oportet
421 3621 604 3702 Epirooptun
621 3637 688 3684 ease
707 3620 872 3700 pudicum;
893 3640 911 3680 a
935 3627 966 3681 et
987 3619 1080 3698 ibid,
1098 3637 1126 3680 v.
1147 3617 1184 3674 tt
