2522 3992
189 205 248 264 tio
412 223 549 267 erasurus
569 223 668 269 rorrus
688 224 768 269 tuuis
790 223 940 274 caueatur.
1021 193 1025 202 ’

229 327 319 390 asts.
341 325 406 386 lmrl
420 324 581 408 requiritur
594 330 655 388 tam
673 323 793 388 licentia
810 328 901 410 Papae
914 328 1006 409 quim
1020 327 1171 410 Episcopi

189 413 222 476 in
240 413 480 495 reassumptiooe
494 420 661 476 conventus
674 423 760 478 antea
780 414 932 485 derelicti.
956 422 988 478 ut
1007 417 1172 498 respondit

189 500 222 570 S.
239 503 272 565 G.
289 503 388 584 Episc.
409 511 438 564 et
453 504 579 583 Requi,
596 507 632 565 l'l
648 522 715 566 nov.
738 509 833 575 ltili.
853 523 902 587 ap.
926 505 1069 568 Ferraris.
1085 506 1173 568 vido

190 589 279 670 last,
296 593 331 658 a.
346 589 385 656 de
398 593 453 670 u,
469 611 538 674 pers
551 596 590 670 Ξ,
607 591 658 656 lib.
672 596 685 656 l
702 641 710 670 ‚
725 611 791 676 cap.
807 597 837 668 2,
848 593 866 674 ξ
879 596 910 658 3.

567 773 720 834 rttltctutt
739 773 786 832 lll.

228 910 268 956 tlt
289 908 445 956 catarrum
459 907 528 954 ttovt
548 907 714 954 couv'uurus
734 908 802 954 SESE
823 907 970 955 OPPONERE
984 905 1125 962 Vfflffl'

322 997 493 1044 enuntians
512 997 550 1042 ΕΤ
570 997 696 1044 reuocat
716 999 749 1044 lli
768 997 838 1044 1000
858 997 1019 1092 [qEGEIlTES.

226 1133 316 1197 astu.
335 1163 367 1178 -
386 1132 410 1193 l.
427 1129 531 1203 Quoad
545 1129 693 1212 repertores
706 1131 739 1192 io
752 1130 812 1192 loco
825 1130 991 1201 existentes,
1006 1129 1075 1193 duae
1087 1141 1168 1195 sunt

189 1219 420 1282 constitutiones
442 1218 493 1282 hic
518 1219 682 1282 relereodae
711 1238 721 1282 a
751 1219 855 1280 Prima
880 1219 1040 1281 Clementis
1066 1221 1166 1301 Vlll,

187 1312 225 1372 23
238 1308 303 1387 julii
320 1312 409 1386 1603,
425 1308 573 1390 incipiens
588 1307 740 1384 Omnium,
756 1309 799 1370 sic
812 1307 901 1370 habet
916 1328 923 1371 :
940 1308 1167 1375 «Declaramus

187 1419 202 1456 n
227 1397 362 1459 locorum
384 1397 556 1460 Ordinarios
577 1413 637 1456 non
652 1415 739 1478 posse
754 1396 904 1469 licentiam
920 1395 957 1458 ad
977 1414 1070 1458 novos
1083 1415 1165 1461 con-

187 1508 202 1544 n
226 1495 332 1549 ventus
355 1487 574 1567 cujuscumque
592 1484 828 1547 mendicantium
851 1484 985 1560 ordinis,
1002 1485 1033 1546 in
1054 1487 1166 1552 civita·

187 1596 201 1632 r
226 1575 305 1638 tibus
324 1583 353 1638 et
377 1576 449 1638 locis
470 1593 575 1636 eorum
598 1573 756 1636 ordinariae
777 1572 975 1652 jurisdictioni
994 1573 1163 1656 subjectis,

187 1656 203 1721 u
226 1663 387 1746 erigendus
410 1663 574 1744 impertiri,
591 1663 647 1724 nisi
669 1662 779 1724 vocalis
799 1671 829 1724 et
848 1661 957 1724 audilis
975 1662 1101 1725 aliorum
1130 1669 1163 1729 in

185 1775 200 1812 n
226 1753 339 1815 eisdem
376 1751 544 1815 civitatibus
575 1759 602 1812 et
632 1751 704 1813 locis
733 1751 924 1814 existentium
953 1762 1163 1818 conventuum

185 1865 200 1899 r
225 1841 379 1904 Prioribus
393 1859 445 1902 seu
462 1841 721 1910 Procuratoribus,
737 1847 766 1901 et
789 1840 854 1902 aliis
874 1840 1017 1902 interesse
1040 1839 1163 1906 haben-

184 1951 200 1986 ι)
221 1929 319 2006 tibus,
335 1936 363 1991 et
377 1931 488 2004 causa,
508 1929 630 1990 servatis
647 1927 817 2002 servando,
839 1929 1164 2010 cogoiltpconstiterit

184 2039 199 2073 r
225 2017 256 2079 iu
271 2017 384 2080 eisdem
395 2015 560 2078 civilatibus
570 2023 599 2078 et
610 2017 692 2086 locis,
710 2036 802 2079 notros
815 2017 986 2096 hujusmodi
996 2019 1163 2100 erigendos

184 2128 198 2162 u
224 2111 401 2180 conventus,
412 2105 478 2166 sine
491 2105 618 2166 aliorum
632 2104 811 2168 detrimento
825 2105 984 2168 coururode
998 2113 1160 2174 sustentari

184 2215 198 2251 u
224 2211 324 2275 posse.
336 2193 366 2257 Si
382 2192 627 2270 verdubeorum
640 2193 669 2254 in
686 2192 855 2272 hujusmodi
866 2194 974 2262 causis.
986 2201 1158 2267 sententiis.

184 2303 198 2339 s
222 2281 260 2344 ad
272 2284 332 2344 Nos
345 2289 374 2346 el
390 2282 591 2363 apostolicam
602 2282 710 2344 Sedem
726 2283 877 2363 provocari
887 2292 917 2344 et
926 2283 1069 2364 appellari
1084 2305 1160 2349 con-

182 2392 197 2428 r
221 2371 336 2452 tigerit,
362 2371 443 2452 ipsos
465 2371 638 2433 Ordiuarios
664 2371 779 2434 tamdiu
802 2373 985 2434 erectionem
1007 2391 1158 2439 novorum

182 2479 196 2517 u
220 2468 424 2522 conventuum
447 2459 631 2542 suspendere
652 2459 782 2536 debere,
804 2478 963 2542 quousque
982 2463 998 2521 ὲ
1014 2461 1105 2524 Nobis
1125 2475 1158 2528 et

181 2567 197 2606 r
222 2549 393 2630 Apostoltct
402 2549 479 2611 Sede
489 2549 518 2610 in
529 2549 635 2610 eidem
644 2553 732 2612 causi
749 2551 973 2631 pronuntiatum
989 2551 1153 2616 exstiterit:

182 2659 197 2696 n
221 2645 250 2700 et
271 2639 387 2701 irritum
410 2637 606 2700 nihilominus
625 2645 655 2700 et
681 2639 772 2700 inane
789 2637 984 2700 decernentes
1004 2639 1154 2722 quidquid

181 2747 195 2783 i
221 2745 308 2790 secus
322 2745 412 2809 super
426 2727 483 2799 his,
499 2729 696 2808 iquoquam,
707 2727 810 2808 quevis
823 2727 1008 2805 auctoritate,
1023 2730 1154 2792 scienter

179 2836 195 2872 s
219 2816 264 2878 vel
280 2815 454 2897 ignoranter
466 2817 625 2896 contigerit
638 2817 786 2878 attentari.
808 2837 824 2875 r

218 2901 351 2966 Secundo
375 2911 477 2968 autem
493 2905 626 2984 Gregorii
649 2907 713 2980 XV,
734 2909 770 2966 l'l
792 2923 861 2984 aug.
885 2909 979 2981 rma,
1004 2907 1152 2989 incipiens

180 2991 252 3055 Ciam
270 2993 348 3055 clitis
375 2995 535 3055 coulirmat
549 2993 789 3074 precedentem,
810 3001 841 3055 el
859 2994 995 3076 prohibet
1014 3015 1053 3058 ne
1067 2996 1151 3060 ullibi

177 3092 344 3144 conventus
354 3081 537 3161 regularium
548 3082 706 3160 cujuslibet
720 3082 844 3144 instituti
855 3083 1005 3162 erigatur:
1023 3085 1147 3148 «Nisi...

177 3189 193 3227 a
217 3169 336 3231 Priores
354 3187 407 3230 seu
422 3170 633 3231 Procuratores
646 3171 774 3233 aliorum
789 3172 1058 3250 monasteriorum,
1074 3191 1148 3236 coo-

178 3267 384 3334 eventuum,
414 3275 468 3319 seu
496 3257 656 3321 domorum
677 3261 802 3322 aliarum
832 3260 1060 3340 Religionum...
1086 3281 1148 3325 oon

178 3367 194 3405 ι
218 3347 316 3407 solium
333 3347 362 3407 in
378 3345 543 3427 praedictis,
559 3347 712 3410 sedetiam
728 3349 757 3410 in
773 3349 838 3410 aliis
848 3367 901 3431 per
914 3357 1043 3430 quatuor
1056 3351 1149 3414 millia

177 3453 191 3490 o
216 3451 360 3512 passuum
388 3435 610 3497 circumvicinis
624 3436 712 3513 locis,
727 3437 764 3499 ad
782 3435 811 3499 id
825 3439 917 3500 vocati
933 3445 963 3498 et
975 3439 1066 3500 auditi
1083 3439 1148 3503 lue·

177 3539 192 3577 ι
218 3519 278 3578 rint
298 3528 327 3580 el
348 3521 396 3583 tali
422 3524 563 3585 erectioni
587 3527 809 3602 consenseriot;
829 3526 874 3588 vel
895 3526 969 3587 olias
982 3527 1148 3592 Ordinariis

177 3626 192 3669 s
216 3605 352 3672 locorum
366 3613 530 3674 corotiterit
542 3613 696 3692 religiosos
710 3614 898 3687 monasterii.
912 3621 1079 3678 conventus
1091 3633 1146 3684 seu
