2486 3984
176 293 232 354 alt
385 310 521 356 uauuaur
542 311 642 356 rorrus
662 311 745 358 rums
765 309 914 356 aauouror.

169 430 185 468 a
209 409 287 472 citur
307 408 337 471 ln
359 427 426 491 cap.
449 409 562 482 Omnis,
583 409 617 472 de
637 409 747 472 Perit.
772 417 802 472 et
821 429 909 486 rem„
938 405 1021 486 quod
1039 403 1146 468 fideles

169 507 183 555 a
209 497 338 560 debeant
350 497 485 560 confiteri
498 498 590 562 semel
606 497 637 560 in
651 517 732 564 anuo
746 499 870 583 proprio
884 495 1044 570 sacerdoti,
1060 495 1147 558 intel·

168 608 183 646 a
208 587 400 668 ligandum...
418 587 501 650 omni
522 589 666 651 sacerdoti
682 589 734 671 qui
752 589 790 651 ah
803 587 963 652 Ordinario
977 592 1020 648 est
1034 603 1147 666 appro-

167 697 182 735 a
208 677 304 738 halus.
328 679 364 738 Et
378 676 435 740 hoc
457 677 561 740 saltem
584 697 619 740 ex
634 678 775 762 praesenti
794 675 955 740 uniuersali
978 681 1145 737 consuetu·

168 787 182 824 a
207 765 277 826 dine
291 765 380 829 hodie
394 771 512 829 certum
526 775 590 844 est,
606 767 753 850 quidquid
767 766 881 848 antiqui
897 765 981 826 aliter
998 763 1142 825 dixerint.

167 875 182 913 u
208 855 285 918 llinc
298 857 329 918 S.
345 855 378 919 C.
394 857 508 937 Episc.‚
519 855 569 920 die
584 859 602 918 3
616 875 680 938 apr.
698 861 813 921 1581...
829 853 1002 918 sicresolvit
1018 852 1144 914 :Decre

168 966 182 1002 a
208 952 269 1006 tum
293 943 436 1026 Episcopi
451 945 483 1005 in
502 963 558 1027 quo
572 945 695 1008 habetur
716 944 794 1030 qadd
810 943 910 1007 nullus
932 942 1142 1024 confessarium

167 1055 182 1092 a
207 1033 295 1094 etiom
308 1032 346 1094 od
360 1031 519 1096 ordinario
537 1034 731 1116 approbatus,
749 1034 841 1117 possit
864 1041 991 1116 tempore
1006 1029 1143 1112 paschali

167 1144 182 1181 a
208 1121 395 1203 consessiones
407 1123 535 1205 alicujus
548 1123 667 1201 cerdice,
682 1123 744 1185 siai
758 1122 879 1186 licentio
888 1121 1011 1204 proprii
1024 1121 1126 1182 curati
1133 1168 1141 1196 ‚

168 1231 183 1270 n
208 1211 290 1272 nullo
310 1213 392 1274 modo
406 1221 449 1274 cst
465 1212 684 1289 obseruandum,
700 1215 763 1274 enm
777 1213 851 1274 sotis
865 1209 961 1273 aalide}
977 1209 1143 1290 1111111112-

168 1323 183 1360 »
208 1301 305 1362 niteas
318 1300 470 1381 deserendo
479 1302 607 1384 porcello
620 1302 706 1384 fidem
718 1302 903 1384 confessionis
915 1299 1027 1360 auditor
1040 1297 1059 1360 ἁ
1072 1319 1142 1380 pce·

168 1411 183 1448 a
206 1390 273 1450 sonci
286 1390 455 1472 approbata.
472 1413 487 1449 a
504 1391 600 1452 -Ab
614 1391 670 1452 hdo
684 1391 749 1473 lege
763 1389 930 1472 excipiendi
952 1395 1036 1462 suni,
1055 1389 1143 1467 juxta

169 1481 199 1540 S.
212 1479 333 1560 Lignor.
350 1479 415 1559 (ih,
431 1495 464 1542 nt
475 1483 556 1560 571),
572 1481 725 1562 regulares
739 1481 791 1562 qui
806 1481 870 1542 sine
882 1479 1000 1541 licentia
1014 1497 1142 1541 suorum

168 1568 363 1630 Praelatorum
378 1577 552 1651 nequeunt,
569 1572 659 1632 etiarn
672 1569 779 1642 aalide,
794 1575 877 1634 extra
892 1584 981 1630 suum
996 1567 1142 1632 Ordinem

167 1657 289 1719 absolvi.
301 1657 375 1720 Vide
390 1658 465 1721 infra
481 1661 580 1740 (1576,
598 1661 696 1738 1577).

117 1766 118 1770 ’
209 1747 282 1809 Dicit
296 1747 419 1829 quidem
430 1751 460 1809 P.
476 1747 610 1830 (11111111ο
623 1751 693 1826 128)
709 1747 789 1829 quod
802 1747 887 1809 osi...
897 1746 1065 1828 Episcopus
1073 1767 1144 1828 pro

166 1855 182 1893 a
206 1835 306 1898 lrilieat
336 1837 392 1897 sub
412 1836 498 1918 perd
519 1837 672 1899 arillitotis
702 1837 840 1900 conlileri
863 1843 944 1898 extra
965 1837 1143 1918 parochiam

167 1945 182 1982 a
207 1925 320 2006 alisque
335 1925 454 1986 licentia
468 1925 601 2006 parochi,
617 1927 710 2008 ipsius
724 1925 845 1987 decreto
855 1925 884 1986 ln
899 1925 982 2006 praxi
997 1925 1143 1990 standum
1241 1995 1242 2014 ¹

166 2035 181 2072 a
207 2021 261 2074 est.
280 2035 295 2071 a
313 2015 388 2076 Cilat
402 2015 464 2075 DI).
483 2015 624 2083 tlousset,
646 2023 679 2076 n⁰
693 2017 763 2076 178.
779 2013 838 2075 Sed
858 2013 916 2075 hoo
929 2031 1036 2094 parum
1052 2015 1144 2080 nohis
1241 2023 1242 2082 3

165 2101 282 2164 ridetur
295 2120 461 2182 congruere
473 2102 617 2166 decisioni
633 2105 665 2165 S.
683 2105 794 2184 Congr.
810 2105 1029 2184 Episcoporum
1046 2105 1144 2167 modd

166 2192 265 2253 relalae
279 2211 316 2254 cx
335 2193 365 2254 S.
388 2191 540 2272 Liguorio.
562 2192 650 2257 Unde
669 2192 832 2255 dicendum
846 2211 911 2254 esse
925 2191 1042 2254 ridetur
1056 2195 1143 2274 quod

165 2281 332 2363 Episcopus
347 2280 586 2360 jurisdictionem
607 2299 669 2342 uon
690 2281 785 2363 possit
798 2280 871 2343 dare
885 2279 1110 2364 dependentem
1123 2286 1144 2348 d

165 2367 312 2450 parocho,
328 2370 433 2432 saltem
451 2370 550 2452 quoad
568 2369 758 2432 validitatem.

206 2459 263 2520 Pro
289 2458 474 2521 attestatione
496 2458 580 2522 facta
607 2459 819 2536 confessionis,
849 2457 916 2521 vide
941 2457 1020 2522 dicta
1046 2479 1143 2545 supra

165 2545 379 2626 (1351,1355).
1240 2613 1241 2624 ,

206 2640 293 2698 1571.
309 2637 430 2710 Quaerit.
451 2642 482 2700 2·
503 2657 549 2700 an
567 2657 720 2718 regulares
742 2635 897 2720 approbati
918 2637 956 2698 ab
979 2637 1143 2703 Ordinario
1240 2643 1241 2656 *

164 2741 219 2806 pro
233 2727 421 2789 saecularium
436 2725 685 2800 confessionibus,
701 2745 754 2790 eos
773 2727 888 2809 possint
904 2725 1009 2790 audire
1022 2729 1143 2812 absque

164 2816 354 2894 superiorum
374 2835 500 2878 suorum
514 2817 658 2878 licentiat?

204 2905 292 2985 Hesp.
310 2907 341 2965 l⁰
355 2905 514 2986 Nequeunt
529 2906 617 2976 licite,
634 2904 730 2987 inquil
744 2907 780 2966 D.
797 2905 904 2980 Bourx,
921 2903 966 2966 De
977 2905 1141 2988 Episcopo,

163 2995 236 3053 torn.
253 2996 283 3067 2,
299 3011 330 3074 p.
346 2997 491 3056 adh-2⁰
503 2997 548 3055 An
562 2993 658 3056 valide
673 2993 787 3075 possint
800 2995 1050 3057 controvertitur:
1069 2997 1144 3060 ride

163 3079 753 3166 1111111111Ηρφιῐαν.,1οπι.9,ρ.253.
1239 3157 1240 3172 ἶ

202 3171 278 3232 Nola
292 3189 364 3232 cum
384 3171 491 3233 codem
509 3173 565 3248 (Dc
585 3171 705 3252 Bogud,
722 3171 776 3242 ih..
800 3189 833 3252 p.
857 3170 930 3252 917)
951 3173 1045 3252 quod,
1067 3173 1143 3238 licet

163 3259 315 3340 regulares
336 3259 491 3340 indigeant
508 3261 723 3342 approbatione
744 3261 884 3343 Episcopi
899 3269 934 3322 111
950 3261 1047 3324 aalide
1060 3283 1142 3326 oon-

162 3345 305 3410 lessiones
324 3349 514 3410 secularium
537 3351 653 3430 possint
670 3349 793 3424 audire,
808 3357 941 3411 attamen
962 3355 1144 3416 communis

162 3443 207 3498 cst
220 3436 376 3510 sententia,
394 3435 511 3518 iuquit,
527 3437 623 3499 illosd
639 3440 718 3520 Papa
729 3437 968 3516 jurisdictionem
983 3441 1141 3521 accipere.

204 3529 294 3586 1575.
311 3525 432 3595 Quaerit.
453 3528 487 3589 3⁰
505 3525 663 3600 Quomodo
676 3534 795 3590 cessent
811 3527 986 3609 approbatio
1006 3531 1145 3609 etjuris·

160 3613 252 3674 (110110
265 3611 400 3690 (1611118ἲᾶ
413 3614 451 3675 ad
466 3623 630 3686 audiendas
643 3627 848 3690 consessiones
866 3635 881 3694 ‘l

201 3703 290 3780 Resp-
316 3701 503 3772 Solutroneur
525 3712 616 3793 hujus
634 3713 719 3776 dubii
739 3716 843 3800 colligi
861 3719 971 3783 debere
991 3727 1028 3770 0¹
1045 3707 1143 3772 ‘³5⁰5'
1238 3737 1239 3760 ³
