2528 3996
194 237 252 296 tlt
416 247 674 297 uruurrrrorrus
693 249 774 298 murs
794 247 942 296 clnorucr.

192 348 413 428 tivovirtulispr.
423 369 453 432 g.
463 348 500 412 ad
510 347 751 412 subveniendum
759 345 985 410 necessitatibus
992 349 1167 428 parentum,

192 440 253 504 sive
262 446 294 502 ut
302 440 364 501 suis
374 437 600 501 necessitatibus
609 436 819 517 provideataul
828 436 887 498 alio
897 433 1165 517 legitimomotiro.

193 530 229 589 Et
239 528 270 590 in
283 527 330 589 his
338 525 571 591 circumstantiis
579 524 725 587 nihilesse
736 531 833 606 potest
842 523 1001 603 contraius
1010 523 1165 587 naturale:

193 618 265 680 cum
287 613 379 679 horno
397 616 447 695 jus
468 613 576 676 habeat
594 612 774 695 disponendi
794 613 894 694 quoad
921 630 1011 676 usum
1038 613 1079 675 de
1105 614 1168 676 suis

194 701 1167 784 membris,etsuaelibertatissitdorninus‚utcoustatconscientil

194 794 345 866 omnium,
362 799 392 856 ct
405 791 510 856 illustri
530 791 711 873 exemplos.
723 791 840 854 Paulini
854 791 907 874 qui
921 809 1041 853 servum
1051 809 1085 853 se
1098 789 1169 854 lecit

194 897 248 965 pro
264 882 326 944 filio
339 881 495 962 cujusdam
510 879 633 942 viduet
647 881 787 943 servitute
801 879 967 942 liberando.
983 885 1015 942 2·
1030 881 1167 962 supponi

195 978 292 1052 potest
305 971 385 1051 quod
400 971 430 1032 in
445 969 523 1032 bello
536 969 605 1051 quis
618 970 751 1050 captiuas
766 969 817 1032 hat
830 969 869 1032 ab
882 969 1020 1032 hostibus
1033 988 1091 1052 pro
1103 971 1168 1049 Jus-

195 1061 257 1120 tilia
271 1058 473 1134 certantibus;
490 1057 581 1140 porro
601 1059 626 1120 si
645 1057 757 1122 hellum
776 1059 867 1121 etiam
880 1059 934 1141 jus
956 1059 1028 1120 uitoe
1048 1058 1166 1135 undat,

195 1146 347 1227 quomodo
361 1165 423 1208 non
437 1144 523 1209 daret
542 1147 633 1210 etiam
648 1147 698 1228 jus
715 1147 847 1230 captivos
864 1148 895 1210 in
909 1149 1085 1210 seruitutem
1099 1166 1168 1230 per-

195 1243 316 1314 petuam
343 1235 530 1316 redigendi?
552 1237 617 1299 Hoc
634 1237 685 1317 jus
711 1243 813 1300 tamen
840 1237 1018 1320 prohibetur
1044 1237 1169 1319 quando

198 1324 351 1386 Christiani
375 1325 597 1404 schristianis‚
619 1327 651 1387 in
670 1326 749 1388 bello
771 1327 861 1388 etiam
878 1327 975 1404 justo,
993 1327 1167 1407 capiuntur.

195 1415 226 1474 3·
237 1415 372 1496 Supponi
381 1423 476 1497 potest
487 1415 644 1498 quodquis
653 1414 691 1477 ad
699 1415 1037 1478 servitutemdamnetur
1047 1423 1169 1498 propter

194 1502 336 1566 delictum
355 1523 408 1586 per
423 1505 602 1566 sententiam
617 1505 739 1586 legitimi
752 1505 880 1585 iudicis3
898 1504 923 1567 si
941 1505 1024 1566 enirn
1046 1504 1087 1566 ad
1102 1523 1169 1588 per-

195 1599 302 1673 petuos
315 1595 463 1670 triremes,
479 1593 541 1655 imh
550 1592 587 1655 ad
602 1602 730 1656 mortem
744 1595 813 1675 quis
827 1601 924 1676 polest
934 1594 1015 1672 juste
1029 1593 1170 1658 damnari

197 1689 317 1764 propter
326 1701 379 1745 sua
390 1682 740 1763 delicto‚ergoaiortiori
749 1683 786 1745 ad
796 1691 971 1766 perpetuam
979 1683 1168 1748 servitutem.

197 1769 275 1852 Ergo
286 1773 346 1850 juri
363 1773 488 1836 naturali
503 1773 627 1834 servitus
642 1791 703 1834 non
718 1777 877 1853 repugnat.

235 1864 325 1924 3159.
344 1895 379 1909 -
395 1863 431 1924 ΙΙ.
448 1862 514 1924 Non
530 1862 750 1944 repupaotjuri
763 1861 883 1922 diuino:
897 1861 1051 1924 innumeri
1071 1867 1168 1927 textus

196 1948 278 2010 citari
294 1957 416 2030 possent
429 1951 459 2012 in
475 1950 699 2032 probationem3
712 1949 838 2013 sulliciat
851 1949 961 2014 referre
970 1951 1063 2014 verba
1077 1957 1167 2036 Apos-
1256 1957 1257 1965 ’

195 2035 247 2098 toli
264 2037 301 2098 ad
322 2039 467 2119 Ephesios
487 2043 564 2120 (cap.
578 2043 617 2116 6,
631 2059 659 2102 v.
676 2042 706 2118 ὅ)
723 2057 731 2100 :
749 2040 882 2116 «Serui,
905 2039 1017 2102 obedite
1036 2041 1169 2105 dominis

196 2145 210 2181 u
235 2125 404 2187 carnalibus
418 2145 487 2188 cum
498 2136 604 2189 tunore
620 2135 648 2190 et
661 2133 803 2206 tremore,
818 2129 849 2191 iu
864 2128 1054 2211 simplicitate
1067 2131 1169 2194 cordis
1255 2149 1256 2175 ἢ

195 2233 211 2270 u
235 2214 341 2289 vestri,
357 2215 434 2276 sicul
447 2214 572 2277 Christo.
589 2239 604 2275 ι)

236 2301 411 2364 Contirmari
426 2302 524 2366 adhuc
537 2312 635 2388 potest
647 2306 749 2369 mullis
763 2306 900 2390 capitulis
910 2307 986 2386 iuris
1005 2311 1167 2375 canonici:
1254 2343 1255 2385 ς

196 2389 238 2450 sic
256 2389 346 2452 hahet
364 2409 430 2474 cap.
450 2391 609 2477 Episcopi,
626 2395 662 2458 de
682 2395 766 2458 rebus
778 2397 877 2459 eccles.
902 2415 959 2458 non
980 2398 1169 2462 alienando:
1253 2477 1254 2486 ἵ

200 2500 215 2538 u
234 2479 373 2563 Episcopi
387 2481 438 2562 qui
453 2482 528 2544 nihil
541 2501 577 2545 ex
588 2486 709 2567 proprio
722 2485 863 2549 Ecclesiae
873 2485 978 2548 Christi
992 2487 1168 2570 conferunt,

196 2591 210 2628 a
235 2567 340 2631 liberae
361 2589 398 2632 ex
419 2569 538 2634 lamulis
557 2573 698 2637 Ecclesiae
718 2573 755 2636 ud
777 2575 1061 2638 condemnationem
1080 2597 1169 2642 suam

195 2681 210 2716 a
235 2659 332 2721 lacere
354 2677 415 2721 non
438 2669 636 2741 praesumant;
661 2663 789 2745 impium
816 2671 861 2726 est
881 2667 965 2728 enim
988 2669 1097 2746 utqui
1119 2685 1170 2732 res

197 2769 210 2806 υ
236 2747 452 2810 suasEcclesiae
467 2767 527 2812 non
537 2751 676 2826 attulerit,
688 2751 835 2814 damnum
846 2751 962 2815 inierat.
978 2751 1061 2816 Tales
1076 2755 1170 2838 igitur

196 2857 210 2892 n
236 2835 340 2898 liberos
349 2856 502 2902 successor
511 2840 677 2922 Episcopus
687 2841 800 2924 absque
809 2841 910 2924 aliqua
924 2844 1115 2925 oppositione
1128 2847 1169 2910 nd

196 2945 209 2981 a
232 2925 282 3002 jus
295 2926 435 2989 Ecclesiae
449 2928 638 2990 revocabitis
662 2929 736 2992 Vide
757 2931 879 3012 insuper
896 2949 963 3014 cap.
985 2929 1166 3014 consensus,

197 3011 267 3072 ibid.
279 3027 291 3083 ,·
304 3029 370 3093 cap.
393 3015 509 3097 Siquis
525 3036 655 3094 omnum,
670 3035 761 3081 causa
781 3023 840 3096 Ἡ,
860 3039 891 3101 q.
907 3026 946 3099 l,
962 3029 1019 3084 etc.
1035 3027 1167 3106 -Ergo

196 3106 238 3177 2⁰,
254 3101 378 3162 servitus
392 3121 453 3164 non
474 3114 622 3187 repugnat
637 3107 698 3187 juri
717 3104 831 3171 divino.
853 3110 948 3192 Ergo,
963 3117 1021 3174 etc.
1039 3145 1077 3158 -
1090 3113 1167 3176 Vide

196 3191 230 3249 lt.
246 3189 284 3250 de
298 3191 356 3265 Μ.,
372 3197 445 3252 tom.
461 3195 499 3266 2,
515 3213 545 3274 p.
564 3199 632 3259 104.

233 3280 322 3340 3160.
338 3279 400 3344 Etsi
411 3280 462 3358 jus
475 3280 610 3345 divinum
624 3291 654 3346 et
665 3285 846 3349 canonicum
855 3305 916 3350 non
927 3290 1092 3372 reprobent
1103 3311 1167 3356 ser·

195 3365 317 3428 vitulam
329 3368 409 3444 justo
423 3369 509 3433 titulo
522 3371 686 3449 inductam,
703 3375 845 3455 injustam
853 3384 954 3440 tamen
968 3378 1116 3443 damnant
1127 3401 1165 3446 ac

195 3455 296 3514 serere
310 3455 488 3535 prohibent3
511 3459 585 3538 quin
606 3461 696 3523 etiam
720 3463 884 3544 legitimam
905 3467 994 3530 variis
1012 3475 1163 3552 tempera-

195 3541 304 3602 mentis
317 3544 528 3608 moderantur:
539 3548 581 3610 sic
594 3552 676 3612 enirn
691 3551 800 3633 legitur
810 3554 841 3614 in
853 3555 943 3636 Epist.
955 3557 993 3618 ad
1003 3557 1160 3639 Ephesios,

195 3643 221 3687 c.
238 3631 277 3708 6,
293 3648 320 3690 v.
336 3649 375 3710 g:
395 3653 410 3690 e
425 3635 462 3694 Et
474 3652 526 3694 vos
547 3636 661 3698 ‹lomiui
679 3640 786 3702 eadem
803 3641 892 3705 facite
905 3643 963 3706 illis
982 3647 1095 3720 (servis)
1111 3665 1161 3710 re·
