2528 3996
197 263 256 328 tat
414 279 552 329 sennenn
571 277 673 328 mnas
691 275 775 326 imis
796 275 942 325 etiamen

196 382 268 446 elim
281 379 356 444 nibil
371 379 402 444 in
415 381 507 444 saenis
520 377 624 442 litteris
637 383 689 442 aut
708 375 868 440 traditione
881 381 932 439 aut
950 375 1058 458 natust
1078 375 1168 440 sexbs

199 471 319 534 teminei
344 470 511 533 inveniatur
538 487 600 551 quo
630 468 691 530 sint
712 465 882 530 necessario
907 465 1105 529 excludenda
1131 464 1168 528 ab

199 558 369 638 hujusmodi
384 557 537 642 potestatis
550 558 691 620 exercitio
707 575 715 617 :
731 551 833 618 tamaii
844 556 929 636 Juxta
942 559 1170 618 constantemet

199 649 397 712 universalem
412 648 552 710 Ecclesiae
571 649 705 729 praxim,
726 654 843 708 eertum
865 652 911 707 est
926 645 994 726 juna
1012 645 1169 707 eeclesias

199 739 259 800 tieo
272 737 343 820 ipsis
356 756 418 800 nan
432 755 520 820 posse
533 736 679 800 committi
694 735 772 798 bane
779 733 1031 814 jurisdictionem.
1048 735 1092 796 lta
1106 753 1171 796 sen-

201 829 291 890 tentia
306 827 367 890 fene
380 827 552 890 communis
564 843 634 888 cum
648 827 679 888 S.
694 825 830 902 Tboint,
846 823 898 905 qui
911 824 953 885 eit
967 841 976 885 ε
996 821 1171 886 aleminam

201 938 216 977 a
242 935 302 979 non
319 916 428 978 babere
441 916 553 978 clavem
568 914 741 978 ordinisaut
744 911 976 996 jurisdictionis.
992 934 1008 972 o

242 1009 330 1070 3033.
354 1008 450 1087 Super
463 1005 520 1066 hec
534 1005 611 1084 juris
630 1003 801 1067 eommunis
822 1002 1019 1084 dispositione
1031 1001 1172 1085 Episcopi

203 1095 325 1178 quidem
339 1113 402 1156 non
415 1093 515 1156 valent
527 1092 717 1174 dispensare,
732 1091 784 1155 sed
803 1091 862 1154 hoo
875 1091 952 1154 valet
969 1093 1002 1156 S.
1017 1089 1171 1166 Pantitae

203 1190 234 1248 et
247 1183 276 1246 id
291 1183 418 1264 probare
430 1183 547 1246 videtur
562 1189 653 1264 eaput
665 1181 798 1256 Dilecta,
815 1180 849 1243 de
862 1181 969 1263 major.
985 1189 1016 1245 et
1034 1179 1131 1260 oded„
1145 1182 1174 1242 ia

204 1291 265 1355 quo
283 1273 326 1336 sie
346 1272 495 1336 habetur:
515 1295 530 1332 a
550 1272 664 1334 Dilecta
681 1270 743 1333 silis
763 1271 793 1332 in
818 1269 933 1334 Christo
959 1269 1117 1333 Abbatissn
1139 1270 1175 1333 de

204 1385 220 1422 a
244 1362 429 1444 Babrigensi,
446 1359 1064 1442 transmissanobispetitione,monstnavit
1077 1359 1174 1442 quad,

205 1475 220 1512 0
244 1454 315 1514 ebm
330 1453 393 1533 ipsa
404 1453 582 1533 plenumque
593 1451 757 1512 canonicas
767 1468 835 1511 suas
845 1458 874 1510 et
884 1449 1010 1512 elericos
1018 1467 1083 1512 soae
1090 1451 1178 1524 juris·

206 1565 221 1602 o
244 1541 367 1604 dictioni
393 1541 568 1620 subjectos,
597 1546 719 1621 propter
746 1539 964 1602 inobedientias
995 1546 1026 1602 et
1052 1541 1174 1621 culpes,

206 1655 221 1690 0
245 1649 351 1694 eanum
371 1631 468 1694 allicio
482 1629 691 1709 beneficioque
712 1628 890 1709 suspendat,
906 1627 997 1690 iidem
1018 1627 1127 1690 conlisi
1143 1647 1176 1690 ex

207 1748 221 1781 0
245 1739 282 1784 eo
309 1721 390 1802 quad
420 1719 573 1780 Abbatissa
597 1719 860 1780 excommunicate
887 1735 939 1780 eos
966 1736 1028 1780 non
1057 1725 1176 1800 potest,

207 1835 221 1870 0
246 1806 1179 1892 suspensionemhujusmadinonobservant...Quoaincamen·

207 1924 221 1959 0
247 1901 354 1962 damus
369 1905 517 1980 quatenus
530 1897 624 1958 dictas
638 1897 803 1958 Canonieas
817 1904 846 1960 et
867 1897 1011 1970 clericos,
1028 1905 1060 1960 ut
1081 1897 1177 1958 Abba-

208 2013 222 2049 0
245 1991 323 2050 tissee
339 1988 467 2069 praelatae
489 1985 690 2048 obedientiam
713 1993 742 2048 et
762 1987 959 2048 reverentiam
974 1986 1111 2048 debitam
1126 1987 1177 2048 im·

208 2102 222 2138 0
247 2078 429 2160 pendentes,
446 2077 510 2154 ejus
524 2075 652 2136 salubria
666 2075 780 2136 monita
793 2082 823 2136 et
840 2074 981 2146 mandata
997 2075 1177 2152 observent,

208 2191 223 2228 o
247 2167 580 2230 eeclesiasticecensme
592 2165 791 2246 compellas.»
810 2165 923 2228 Similia
937 2183 1084 2228 concessa
1099 2167 1180 2228 luere

209 2256 372 2318 Abbatissae
386 2253 487 2316 Fontis
496 2253 615 2316 Ebreldi
630 2255 661 2316 in
672 2255 774 2316 Gallie.
786 2253 861 2316 Vide
872 2254 1012 2317 Proelect.
1024 2254 1060 2317 S.
1077 2256 1178 2338 Sap,
1253 2311 1254 2316 ,

210 2348 242 2408 n⁰
256 2350 324 2408 ast.

249 2438 336 2498 3039.
352 2433 585 2496 Contraventitun
600 2439 698 2496 tamen
721 2433 799 2496 inter
811 2434 985 2498 Canonistas
1000 2453 1040 2496 an
1056 2433 1090 2496 in
1105 2453 1180 2517 prae·

209 2527 268 2590 lata
279 2544 349 2587 msa
364 2532 392 2586 et
406 2523 470 2585 aliis
484 2523 664 2604 quibusdam
679 2523 836 2601 similibus,
851 2541 994 2586 aonaessa
1007 2523 1100 2586 tuerit
1113 2541 1182 2588 vera

208 2613 372 2697 jurisdictio
387 2633 394 2673 :
413 2613 513 2694 piures
526 2631 596 2674 oum
609 2613 748 2675 Suanezio
762 2612 922 2676 dicuntbis
934 2613 1183 2676 000000305ωο-

212 2721 327 2768 cessum
342 2701 431 2764 luisse
445 2704 560 2763 tantinn
576 2703 764 2786 privilegium
775 2703 906 2785 ponendi
916 2711 1016 2766 aetum
1035 2703 1185 2786 quiesset

211 2793 298 2856 saluti
311 2792 443 2854 eainditia
457 2791 494 2854 ad
508 2793 595 2872 cujus
609 2793 798 2872 praesentiam
812 2794 891 2875 Papa
902 2792 1186 2871 ju1·isdictionaliter

211 2890 320 2964 ageret.
338 2881 411 2942 Vide
424 2881 532 2958 Bauix,
553 2881 595 2942 be
610 2881 752 2962 Repalar.
769 2883 907 2960 (10003,
924 2903 953 2964 p.
964 2887 1128 2962 tae-435).

250 2973 337 3032 3000.
359 3005 390 3014 -
408 2975 439 3030 2⁰
461 2969 564 3042 Quoad
586 2978 760 3050 patestatem
788 2971 1023 3048 damnativam,
1055 2973 1187 3054 quidam

213 3067 322 3141 negant
336 3059 545 3140 Supeniaaissis
559 3060 735 3122 monialium
749 3078 816 3122 eam
831 3061 870 3124 ita
884 3069 1055 3143 competere
1078 3071 1115 3125 ut
1135 3083 1188 3126 m-

212 3149 291 3210 leant
304 3148 335 3208 in
349 3147 532 3209 canscientia
546 3147 680 3211 subditas
693 3149 843 3232 obligare;
859 3150 911 3212 sed
924 3152 1075 3214 sententia
1090 3173 1189 3236 quana

210 3235 435 3320 probabiliorem
453 3244 535 3297 vocat
559 3241 589 3299 S.
614 3239 735 3318 Liguor.
758 3239 822 3314 (lib.
836 3243 872 3317 t,
892 3245 926 3301 n⁰
944 3243 1018 3317 52),
1035 3243 1189 3322 Ferraria,

212 3325 430 3388 amnnzanionsm
458 3327 496 3401 (0
519 3325 690 3406 Abbatissa,
706 3331 809 3406 mill),
826 3335 856 3390 el
875 3332 912 3391 b.
939 3331 1033 3392 Bouix
1056 3335 1191 3395 omninb

212 3425 321 3476 certam
334 3423 363 3476 et
377 3414 524 3476 tenendam
535 3416 631 3492 (itta,
648 3436 678 3498 p.
694 3418 856 3496 tattpdioit
867 3437 918 3482 eas
930 3439 1017 3501 posse
1033 3431 1192 3505 praecepta

213 3503 386 3584 imponere,
402 3521 470 3584 quae
490 3504 520 3564 in
540 3507 721 3567 conscientia
745 3509 836 3570 etiam
854 3509 907 3570 sab
925 3510 1012 3592 9000
1033 3511 1190 3594 obligent.
1252 3529 1253 3548 ¹

217 3611 232 3650 a
253 3592 335 3653 sicut
349 3600 443 3653 nister
456 3593 612 3664 naturalis,
630 3594 728 3674 inquit
742 3597 851 3660 Suanez
864 3598 944 3678 apud
962 3599 1075 3668 Bouix,
1093 3601 1190 3667 idid..

214 3699 229 3736 ι
253 3698 283 3758 p.
295 3683 379 3759 ten),
391 3687 488 3756 potest
501 3681 662 3761 precipere
675 3683 794 3747 filiabus
804 3686 835 3750 in
848 3686 894 3751 bis
903 3705 970 3768 quaa
980 3689 1141 3768 pertinent
1152 3689 1191 3752 ed
