<?xml version="1.0" encoding="UTF-8"?>
<!DOCTYPE html PUBLIC "-//W3C//DTD XHTML 1.0 Transitional//EN"
    "http://www.w3.org/TR/xhtml1/DTD/xhtml1-transitional.dtd">
<html xmlns="http://www.w3.org/1999/xhtml" xml:lang="en" lang="en">
 <head>
  <title>
</title>
<meta http-equiv="Content-Type" content="text/html;charset=utf-8" />
  <meta name='ocr-system' content='tesseract 3.04.00' />
  <meta name='ocr-capabilities' content='ocr_page ocr_carea ocr_par ocr_line ocrx_word'/>
</head>
<body>
  <div class='ocr_page' id='page_1' title='image "./manualetotiusju01craigoog_0661.png"; bbox 0 0 2550 3992; ppageno 0'>
   <div class='ocr_carea' id='block_1_1' title="bbox 213 326 964 390">
    <p class='ocr_par' dir='ltr' id='par_1_1' title="bbox 213 326 964 390">
     <span class='ocr_line' id='line_1_1' title="bbox 213 326 964 390; baseline -0.003 0"><span class='ocrx_word' id='word_1_1' title='bbox 213 326 272 390; x_wconf 65' lang='lat'><strong>652</strong></span> <span class='ocrx_word' id='word_1_2' title='bbox 432 341 570 389; x_wconf 75' lang='lat' dir='ltr'><strong>usuram</strong></span> <span class='ocrx_word' id='word_1_3' title='bbox 590 338 692 388; x_wconf 88' lang='lat' dir='ltr'><strong>rorms</strong></span> <span class='ocrx_word' id='word_1_4' title='bbox 710 336 795 388; x_wconf 81' lang='lat' dir='ltr'><strong>tuma</strong></span> <span class='ocrx_word' id='word_1_5' title='bbox 815 336 964 389; x_wconf 74' lang='lat' dir='ltr'><strong>educarer.</strong></span> 
     </span>
    </p>
   </div>
   <div class='ocr_carea' id='block_1_2' title="bbox 214 443 1193 798">
    <p class='ocr_par' dir='ltr' id='par_1_2' title="bbox 214 443 1193 798">
     <span class='ocr_line' id='line_1_2' title="bbox 214 443 1192 531; baseline -0.002 -19"><span class='ocrx_word' id='word_1_6' title='bbox 214 468 322 512; x_wconf 85' lang='lat' dir='ltr'><strong>succus</strong></span> <span class='ocrx_word' id='word_1_7' title='bbox 337 465 496 531; x_wconf 85' lang='lat' dir='ltr'><strong>expressus</strong></span> <span class='ocrx_word' id='word_1_8' title='bbox 509 465 545 508; x_wconf 85' lang='lat' dir='ltr'><strong>ex</strong></span> <span class='ocrx_word' id='word_1_9' title='bbox 555 444 680 508; x_wconf 85' lang='lat' dir='ltr'><strong>floribus</strong></span> <span class='ocrx_word' id='word_1_10' title='bbox 690 492 698 520; x_wconf 82' lang='grc'><em>,</em></span> <span class='ocrx_word' id='word_1_11' title='bbox 709 443 848 506; x_wconf 90' lang='lat' dir='ltr'><strong>herbiset</strong></span> <span class='ocrx_word' id='word_1_12' title='bbox 858 443 1022 506; x_wconf 82' lang='lat' dir='ltr'>radicibus.</span> <span class='ocrx_word' id='word_1_13' title='bbox 1039 443 1192 525; x_wconf 71' lang='lat' dir='ltr'><strong>dllepatur</strong></span> 
     </span>
     <span class='ocr_line' id='line_1_3' title="bbox 214 528 1193 618; baseline -0.007 -14"><span class='ocrx_word' id='word_1_14' title='bbox 214 548 319 604; x_wconf 83' lang='lat' dir='ltr'><strong>contra</strong></span> <span class='ocrx_word' id='word_1_15' title='bbox 333 547 432 600; x_wconf 81' lang='lat' dir='ltr'><strong>textus</strong></span> <span class='ocrx_word' id='word_1_16' title='bbox 446 534 587 618; x_wconf 73' lang='lat' dir='ltr'>Stephani</span> <span class='ocrx_word' id='word_1_17' title='bbox 604 535 626 596; x_wconf 98' lang='lat' dir='ltr'><strong>ll</strong></span> <span class='ocrx_word' id='word_1_18' title='bbox 639 582 646 609; x_wconf 86' lang='lat'>,</span> <span class='ocrx_word' id='word_1_19' title='bbox 663 534 713 597; x_wconf 91' lang='lat' dir='ltr'><strong>ubi</strong></span> <span class='ocrx_word' id='word_1_20' title='bbox 730 528 866 596; x_wconf 85' lang='lat' dir='ltr'><strong>Pontifex</strong></span> <span class='ocrx_word' id='word_1_21' title='bbox 881 534 1064 615; x_wconf 79' lang='lat' dir='ltr'><strong>approbasse</strong></span> <span class='ocrx_word' id='word_1_22' title='bbox 1078 534 1193 598; x_wconf 87' lang='lat' dir='ltr'><strong>videtur</strong></span> 
     </span>
     <span class='ocr_line' id='line_1_4' title="bbox 216 623 1189 707; baseline -0.002 -19"><span class='ocrx_word' id='word_1_23' title='bbox 216 629 402 707; x_wconf 88' lang='lat' dir='ltr'><strong>Baptismum</strong></span> <span class='ocrx_word' id='word_1_24' title='bbox 422 628 453 688; x_wconf 93' lang='lat' dir='ltr'><strong>in</strong></span> <span class='ocrx_word' id='word_1_25' title='bbox 472 626 542 686; x_wconf 86' lang='lat' dir='ltr'><strong>vino</strong></span> <span class='ocrx_word' id='word_1_26' title='bbox 560 623 728 686; x_wconf 86' lang='lat' dir='ltr'><strong>collatum:</strong></span> <span class='ocrx_word' id='word_1_27' title='bbox 752 623 805 686; x_wconf 86' lang='lat' dir='ltr'><strong>sed</strong></span> <span class='ocrx_word' id='word_1_28' title='bbox 824 623 907 686; x_wconf 87' lang='lat' dir='ltr'><strong>bunc</strong></span> <span class='ocrx_word' id='word_1_29' title='bbox 925 630 1039 684; x_wconf 86' lang='lat' dir='ltr'><strong>textum</strong></span> <span class='ocrx_word' id='word_1_30' title='bbox 1057 628 1189 704; x_wconf 76' lang='lat' dir='ltr'><strong>supposi-</strong></span> 
     </span>
     <span class='ocr_line' id='line_1_5' title="bbox 215 711 1097 798; baseline -0.001 -22"><span class='ocrx_word' id='word_1_31' title='bbox 215 715 312 778; x_wconf 88' lang='lat' dir='ltr'><strong>titium</strong></span> <span class='ocrx_word' id='word_1_32' title='bbox 328 735 394 780; x_wconf 91' lang='lat' dir='ltr'><strong>esse</strong></span> <span class='ocrx_word' id='word_1_33' title='bbox 409 715 551 798; x_wconf 89' lang='lat' dir='ltr'><strong>probatur</strong></span> <span class='ocrx_word' id='word_1_34' title='bbox 565 715 581 775; x_wconf 78' lang='lat' dir='ltr'><strong>a</strong></span> <span class='ocrx_word' id='word_1_35' title='bbox 596 712 733 794; x_wconf 90' lang='lat' dir='ltr'><strong>pluribus</strong></span> <span class='ocrx_word' id='word_1_36' title='bbox 751 713 768 774; x_wconf 78' lang='lat' dir='ltr'><strong>a</strong></span> <span class='ocrx_word' id='word_1_37' title='bbox 783 713 814 775; x_wconf 94' lang='lat' dir='ltr'><strong>S.</strong></span> <span class='ocrx_word' id='word_1_38' title='bbox 840 711 982 794; x_wconf 79' lang='lat' dir='ltr'><strong>lignario</strong></span> <span class='ocrx_word' id='word_1_39' title='bbox 997 713 1097 776; x_wconf 81' lang='lat' dir='ltr'><strong>relatis</strong></span> 
     </span>
    </p>
   </div>
   <div class='ocr_carea' id='block_1_3' title="bbox 213 801 1191 1062">
    <p class='ocr_par' dir='ltr' id='par_1_3' title="bbox 213 801 1191 1062">
     <span class='ocr_line' id='line_1_6' title="bbox 254 801 1191 882; baseline -0.001 -16"><span class='ocrx_word' id='word_1_40' title='bbox 254 807 415 870; x_wconf 85' lang='lat' dir='ltr'><strong>Verrusest</strong></span> <span class='ocrx_word' id='word_1_41' title='bbox 427 804 549 868; x_wconf 87' lang='lat' dir='ltr'><strong>salivam</strong></span> <span class='ocrx_word' id='word_1_42' title='bbox 559 821 624 864; x_wconf 91' lang='lat' dir='ltr'><strong>esse</strong></span> <span class='ocrx_word' id='word_1_43' title='bbox 636 801 793 864; x_wconf 81' lang='lat' dir='ltr'><strong>materiam</strong></span> <span class='ocrx_word' id='word_1_44' title='bbox 807 803 935 864; x_wconf 88' lang='lat' dir='ltr'><strong>omnino</strong></span> <span class='ocrx_word' id='word_1_45' title='bbox 951 802 1102 882; x_wconf 84' lang='lat' dir='ltr'><strong>ineptam,</strong></span> <span class='ocrx_word' id='word_1_46' title='bbox 1114 801 1191 865; x_wconf 89' lang='lat' dir='ltr'><strong>idem</strong></span> 
     </span>
     <span class='ocr_line' id='line_1_7' title="bbox 213 890 1191 974; baseline -0.002 -17"><span class='ocrx_word' id='word_1_47' title='bbox 213 893 378 958; x_wconf 90' lang='lat' dir='ltr'><strong>dicendum</strong></span> <span class='ocrx_word' id='word_1_48' title='bbox 392 895 431 956; x_wconf 93' lang='lat' dir='ltr'><strong>de</strong></span> <span class='ocrx_word' id='word_1_49' title='bbox 449 893 559 956; x_wconf 89' lang='lat' dir='ltr'><strong>sudore</strong></span> <span class='ocrx_word' id='word_1_50' title='bbox 579 898 608 953; x_wconf 91' lang='lat' dir='ltr'><strong>et</strong></span> <span class='ocrx_word' id='word_1_51' title='bbox 626 891 777 974; x_wconf 76' lang='lat' dir='ltr'><strong>lacrymis.</strong></span> <span class='ocrx_word' id='word_1_52' title='bbox 793 890 869 954; x_wconf 85' lang='lat' dir='ltr'>Vide</span> <span class='ocrx_word' id='word_1_53' title='bbox 883 893 915 953; x_wconf 89' lang='lat' dir='ltr'><strong>S.</strong></span> <span class='ocrx_word' id='word_1_54' title='bbox 932 891 1070 972; x_wconf 69' lang='lat' dir='ltr'><strong>Lignum,</strong></span> <span class='ocrx_word' id='word_1_55' title='bbox 1085 891 1139 954; x_wconf 83' lang='lat' dir='ltr'><strong>tib.</strong></span> <span class='ocrx_word' id='word_1_56' title='bbox 1154 897 1191 972; x_wconf 80' lang='grc'><strong>6,</strong></span> 
     </span>
     <span class='ocr_line' id='line_1_8' title="bbox 216 980 998 1062; baseline -0.005 -16"><span class='ocrx_word' id='word_1_57' title='bbox 216 984 256 1046; x_wconf 80' lang='lat' dir='ltr'><strong>u¹·</strong></span> <span class='ocrx_word' id='word_1_58' title='bbox 273 987 329 1046; x_wconf 72' lang='lat'><strong>103</strong></span> <span class='ocrx_word' id='word_1_59' title='bbox 344 993 373 1045; x_wconf 90' lang='lat' dir='ltr'><strong>et</strong></span> <span class='ocrx_word' id='word_1_60' title='bbox 387 987 462 1057; x_wconf 60' lang='lat' dir='ltr'><strong>lum</strong></span> <span class='ocrx_word' id='word_1_61' title='bbox 478 983 513 1044; x_wconf 92' lang='lat' dir='ltr'><strong>P.</strong></span> <span class='ocrx_word' id='word_1_62' title='bbox 530 983 624 1061; x_wconf 78' lang='lat' dir='ltr'><strong>Gury.</strong></span> <span class='ocrx_word' id='word_1_63' title='bbox 641 980 864 1062; x_wconf 74' lang='lat' dir='ltr'><strong>benaprtsmo,</strong></span> <span class='ocrx_word' id='word_1_64' title='bbox 880 991 915 1042; x_wconf 86' lang='lat' dir='ltr'><strong>n·</strong></span> <span class='ocrx_word' id='word_1_65' title='bbox 930 983 998 1042; x_wconf 76' lang='lat' dir='ltr'><strong>lli.</strong></span> 
     </span>
    </p>
   </div>
   <div class='ocr_carea' id='block_1_4' title="bbox 214 1077 1268 2142">
    <p class='ocr_par' dir='ltr' id='par_1_4' title="bbox 214 1077 1195 1786">
     <span class='ocr_line' id='line_1_9' title="bbox 252 1077 1192 1161; baseline -0.002 -18"><span class='ocrx_word' id='word_1_66' title='bbox 252 1087 342 1143; x_wconf 72' lang='lat'><strong>3254.</strong></span> <span class='ocrx_word' id='word_1_67' title='bbox 361 1079 540 1161; x_wconf 87' lang='lat' dir='ltr'><strong>Haecquoad</strong></span> <span class='ocrx_word' id='word_1_68' title='bbox 552 1078 753 1154; x_wconf 85' lang='lat' dir='ltr'><strong>validitatem;</strong></span> <span class='ocrx_word' id='word_1_69' title='bbox 770 1078 894 1140; x_wconf 64' lang='lat' dir='ltr'><strong>maaria</strong></span> <span class='ocrx_word' id='word_1_70' title='bbox 908 1085 1010 1141; x_wconf 91' lang='lat' dir='ltr'><strong>autem</strong></span> <span class='ocrx_word' id='word_1_71' title='bbox 1022 1077 1105 1141; x_wconf 88' lang='lat' dir='ltr'><strong>licita</strong></span> <span class='ocrx_word' id='word_1_72' title='bbox 1120 1081 1192 1160; x_wconf 89' lang='lat' dir='ltr'><strong>Bap-</strong></span> 
     </span>
     <span class='ocr_line' id='line_1_10' title="bbox 214 1167 1194 1249; baseline -0.003 -16"><span class='ocrx_word' id='word_1_73' title='bbox 214 1171 398 1246; x_wconf 84' lang='lat' dir='ltr'><strong>tismi‚extra</strong></span> <span class='ocrx_word' id='word_1_74' title='bbox 409 1169 592 1230; x_wconf 80' lang='lat' dir='ltr'><strong>necessitatis</strong></span> <span class='ocrx_word' id='word_1_75' title='bbox 606 1187 723 1243; x_wconf 78' lang='lat' dir='ltr'><strong>casum,</strong></span> <span class='ocrx_word' id='word_1_76' title='bbox 739 1175 784 1229; x_wconf 88' lang='lat' dir='ltr'><strong>est</strong></span> <span class='ocrx_word' id='word_1_77' title='bbox 796 1167 1194 1249; x_wconf 83' lang='lat' dir='ltr'><strong>solaequubeucdicta‚seu</strong></span> 
     </span>
     <span class='ocr_line' id='line_1_11' title="bbox 215 1256 1193 1338; baseline -0.004 -17"><span class='ocrx_word' id='word_1_78' title='bbox 215 1267 387 1321; x_wconf 84' lang='lat' dir='ltr'><strong>consecrata</strong></span> <span class='ocrx_word' id='word_1_79' title='bbox 404 1259 490 1337; x_wconf 87' lang='lat' dir='ltr'><strong>juxta</strong></span> <span class='ocrx_word' id='word_1_80' title='bbox 504 1260 595 1319; x_wconf 88' lang='lat' dir='ltr'><strong>ritum</strong></span> <span class='ocrx_word' id='word_1_81' title='bbox 611 1259 626 1318; x_wconf 80' lang='lat' dir='ltr'><strong>a</strong></span> <span class='ocrx_word' id='word_1_82' title='bbox 644 1256 749 1319; x_wconf 86' lang='lat' dir='ltr'><strong>Rituali</strong></span> <span class='ocrx_word' id='word_1_83' title='bbox 779 1257 1011 1338; x_wconf 74' lang='lat' dir='ltr'><strong>prescriptum,</strong></span> <span class='ocrx_word' id='word_1_84' title='bbox 1028 1275 1142 1338; x_wconf 83' lang='lat' dir='ltr'><strong>nempe</strong></span> <span class='ocrx_word' id='word_1_85' title='bbox 1165 1258 1193 1318; x_wconf 93' lang='lat' dir='ltr'><strong>in</strong></span> 
     </span>
     <span class='ocr_line' id='line_1_12' title="bbox 215 1347 1195 1429; baseline 0 -21"><span class='ocrx_word' id='word_1_86' title='bbox 215 1347 369 1429; x_wconf 73' lang='lat' dir='ltr'><strong>peruigilio</strong></span> <span class='ocrx_word' id='word_1_87' title='bbox 383 1347 524 1424; x_wconf 81' lang='lat' dir='ltr'><strong>Paschae,</strong></span> <span class='ocrx_word' id='word_1_88' title='bbox 540 1347 584 1408; x_wconf 89' lang='lat' dir='ltr'><strong>vel</strong></span> <span class='ocrx_word' id='word_1_89' title='bbox 600 1348 825 1422; x_wconf 82' lang='lat' dir='ltr'><strong>Pentecostes¹,</strong></span> <span class='ocrx_word' id='word_1_90' title='bbox 839 1355 891 1408; x_wconf 88' lang='lat' dir='ltr'><strong>aut</strong></span> <span class='ocrx_word' id='word_1_91' title='bbox 906 1364 1092 1426; x_wconf 87' lang='lat' dir='ltr'><strong>perannum</strong></span> <span class='ocrx_word' id='word_1_92' title='bbox 1107 1347 1133 1408; x_wconf 90' lang='lat' dir='ltr'><strong>si</strong></span> <span class='ocrx_word' id='word_1_93' title='bbox 1147 1347 1195 1408; x_wconf 74' lang='lat' dir='ltr'><strong>de·</strong></span> 
     </span>
     <span class='ocr_line' id='line_1_13' title="bbox 214 1432 1193 1517; baseline 0.001 -21"><span class='ocrx_word' id='word_1_94' title='bbox 214 1435 327 1498; x_wconf 88' lang='lat' dir='ltr'><strong>ltceret.</strong></span> <span class='ocrx_word' id='word_1_95' title='bbox 339 1435 415 1499; x_wconf 87' lang='lat' dir='ltr'>Vide</span> <span class='ocrx_word' id='word_1_96' title='bbox 431 1435 550 1498; x_wconf 80' lang='lat' dir='ltr'><strong>Ilitaalc</strong></span> <span class='ocrx_word' id='word_1_97' title='bbox 570 1436 748 1508; x_wconf 81' lang='lat' dir='ltr'><strong>Romanam,</strong></span> <span class='ocrx_word' id='word_1_98' title='bbox 766 1433 817 1497; x_wconf 93' lang='lat' dir='ltr'><strong>ubl</strong></span> <span class='ocrx_word' id='word_1_99' title='bbox 841 1432 964 1517; x_wconf 81' lang='lat' dir='ltr'><strong>insuper</strong></span> <span class='ocrx_word' id='word_1_100' title='bbox 977 1435 1090 1498; x_wconf 83' lang='lat' dir='ltr'><strong>dicitur</strong></span> <span class='ocrx_word' id='word_1_101' title='bbox 1106 1454 1114 1496; x_wconf 92' lang='lat'><strong>:</strong></span> <span class='ocrx_word' id='word_1_102' title='bbox 1132 1459 1148 1494; x_wconf 77' lang='lat' dir='ltr'><strong>r</strong></span> <span class='ocrx_word' id='word_1_103' title='bbox 1164 1436 1193 1497; x_wconf 89' lang='lat' dir='ltr'><strong>Si</strong></span> 
     </span>
     <span class='ocr_line' id='line_1_14' title="bbox 214 1523 1194 1607; baseline 0.003 -24"><span class='ocrx_word' id='word_1_104' title='bbox 214 1547 228 1583; x_wconf 78' lang='lat' dir='ltr'><strong>a</strong></span> <span class='ocrx_word' id='word_1_105' title='bbox 253 1545 331 1607; x_wconf 79' lang='lat' dir='ltr'><strong>aqua</strong></span> <span class='ocrx_word' id='word_1_106' title='bbox 348 1525 506 1588; x_wconf 88' lang='lat' dir='ltr'><strong>benedicte</strong></span> <span class='ocrx_word' id='word_1_107' title='bbox 525 1526 587 1605; x_wconf 82' lang='lat' dir='ltr'><strong>jam</strong></span> <span class='ocrx_word' id='word_1_108' title='bbox 609 1524 770 1586; x_wconf 86' lang='lat' dir='ltr'><strong>imminuta</strong></span> <span class='ocrx_word' id='word_1_109' title='bbox 793 1523 848 1602; x_wconf 87' lang='lat' dir='ltr'><strong>sit,</strong></span> <span class='ocrx_word' id='word_1_110' title='bbox 870 1530 903 1586; x_wconf 88' lang='lat' dir='ltr'><strong>ut</strong></span> <span class='ocrx_word' id='word_1_111' title='bbox 929 1523 1031 1586; x_wconf 89' lang='lat' dir='ltr'><strong>minus</strong></span> <span class='ocrx_word' id='word_1_112' title='bbox 1054 1525 1194 1586; x_wconf 82' lang='lat' dir='ltr'><strong>subicere</strong></span> 
     </span>
     <span class='ocr_line' id='line_1_15' title="bbox 215 1611 1193 1695; baseline 0 -21"><span class='ocrx_word' id='word_1_113' title='bbox 215 1638 230 1674; x_wconf 74' lang='lat' dir='ltr'><strong>a</strong></span> <span class='ocrx_word' id='word_1_114' title='bbox 255 1616 400 1691; x_wconf 86' lang='lat' dir='ltr'><strong>videatur,</strong></span> <span class='ocrx_word' id='word_1_115' title='bbox 412 1616 469 1677; x_wconf 92' lang='lat' dir='ltr'><strong>alia</strong></span> <span class='ocrx_word' id='word_1_116' title='bbox 484 1633 547 1676; x_wconf 93' lang='lat' dir='ltr'><strong>non</strong></span> <span class='ocrx_word' id='word_1_117' title='bbox 564 1611 722 1675; x_wconf 88' lang='lat' dir='ltr'><strong>benedicta</strong></span> <span class='ocrx_word' id='word_1_118' title='bbox 737 1611 897 1676; x_wconf 76' lang='lat' dir='ltr'><strong>admisceri</strong></span> <span class='ocrx_word' id='word_1_119' title='bbox 911 1619 1026 1695; x_wconf 80' lang='lat' dir='ltr'><strong>puteat,</strong></span> <span class='ocrx_word' id='word_1_120' title='bbox 1036 1613 1193 1676; x_wconf 85' lang='lat' dir='ltr'><strong>in-minuri</strong></span> 
     </span>
     <span class='ocr_line' id='line_1_16' title="bbox 214 1705 547 1786; baseline 0.003 -22"><span class='ocrx_word' id='word_1_121' title='bbox 214 1729 229 1764; x_wconf 82' lang='lat' dir='ltr'><strong>a</strong></span> <span class='ocrx_word' id='word_1_122' title='bbox 255 1711 355 1768; x_wconf 89' lang='lat' dir='ltr'><strong>tamen</strong></span> <span class='ocrx_word' id='word_1_123' title='bbox 371 1705 547 1786; x_wconf 84' lang='lat' dir='ltr'><strong>quantitate.</strong></span> 
     </span>
    </p>

    <p class='ocr_par' dir='ltr' id='par_1_5' title="bbox 214 1790 1268 2142">
     <span class='ocr_line' id='line_1_17' title="bbox 253 1790 1192 1874; baseline 0.002 -22"><span class='ocrx_word' id='word_1_124' title='bbox 253 1816 268 1852; x_wconf 81' lang='lat' dir='ltr'><strong>a</strong></span> <span class='ocrx_word' id='word_1_125' title='bbox 294 1794 323 1856; x_wconf 90' lang='lat' dir='ltr'><strong>Si</strong></span> <span class='ocrx_word' id='word_1_126' title='bbox 339 1795 409 1856; x_wconf 84' lang='lat' dir='ltr'><strong>verb</strong></span> <span class='ocrx_word' id='word_1_127' title='bbox 423 1801 563 1874; x_wconf 87' lang='lat' dir='ltr'><strong>corrupta</strong></span> <span class='ocrx_word' id='word_1_128' title='bbox 578 1790 667 1854; x_wconf 86' lang='lat' dir='ltr'><strong>luerit</strong></span> <span class='ocrx_word' id='word_1_129' title='bbox 679 1798 733 1853; x_wconf 84' lang='lat' dir='ltr'><strong>aut</strong></span> <span class='ocrx_word' id='word_1_130' title='bbox 744 1790 907 1866; x_wconf 82' lang='lat' dir='ltr'><strong>effluxerit,</strong></span> <span class='ocrx_word' id='word_1_131' title='bbox 918 1791 1091 1872; x_wconf 79' lang='lat' dir='ltr'><strong>autquoris&#39;</strong></span> <span class='ocrx_word' id='word_1_132' title='bbox 1102 1793 1192 1854; x_wconf 85' lang='lat' dir='ltr'><strong>modu</strong></span> 
     </span>
     <span class='ocr_line' id='line_1_18' title="bbox 215 1879 1190 1964; baseline 0.001 -23"><span class='ocrx_word' id='word_1_133' title='bbox 215 1909 229 1941; x_wconf 77' lang='lat' dir='ltr'><strong>a</strong></span> <span class='ocrx_word' id='word_1_134' title='bbox 253 1883 412 1958; x_wconf 81' lang='lat' dir='ltr'><strong>deiecerit,</strong></span> <span class='ocrx_word' id='word_1_135' title='bbox 428 1880 577 1964; x_wconf 77' lang='lat' dir='ltr'><strong>parochus</strong></span> <span class='ocrx_word' id='word_1_136' title='bbox 596 1881 627 1942; x_wconf 93' lang='lat' dir='ltr'><strong>in</strong></span> <span class='ocrx_word' id='word_1_137' title='bbox 648 1879 761 1942; x_wconf 88' lang='lat' dir='ltr'><strong>sontem</strong></span> <span class='ocrx_word' id='word_1_138' title='bbox 781 1881 858 1943; x_wconf 77' lang='lat' dir='ltr'><strong>bene</strong></span> <span class='ocrx_word' id='word_1_139' title='bbox 878 1881 1059 1944; x_wconf 89' lang='lat' dir='ltr'><strong>mundatum</strong></span> <span class='ocrx_word' id='word_1_140' title='bbox 1074 1901 1112 1945; x_wconf 91' lang='lat' dir='ltr'><strong>ac</strong></span> <span class='ocrx_word' id='word_1_141' title='bbox 1125 1883 1190 1944; x_wconf 91' lang='lat' dir='ltr'><strong>niti-</strong></span> 
     </span>
     <span class='ocr_line' id='line_1_19' title="bbox 214 1968 1268 2052; baseline 0 -19"><span class='ocrx_word' id='word_1_142' title='bbox 214 1998 227 2025; x_wconf 71' lang='grc' dir='ltr'><strong>ιι</strong></span> <span class='ocrx_word' id='word_1_143' title='bbox 253 1973 348 2047; x_wconf 82' lang='lat' dir='ltr'><strong>dum,</strong></span> <span class='ocrx_word' id='word_1_144' title='bbox 364 1977 516 2034; x_wconf 81' lang='lat' dir='ltr'><strong>recentem</strong></span> <span class='ocrx_word' id='word_1_145' title='bbox 540 1988 649 2052; x_wconf 87' lang='lat' dir='ltr'><strong>aquam</strong></span> <span class='ocrx_word' id='word_1_146' title='bbox 670 1969 807 2031; x_wconf 87' lang='lat' dir='ltr'><strong>iniundat</strong></span> <span class='ocrx_word' id='word_1_147' title='bbox 822 1968 953 2051; x_wconf 89' lang='lat' dir='ltr'><strong>eamque</strong></span> <span class='ocrx_word' id='word_1_148' title='bbox 976 1970 1134 2034; x_wconf 82' lang='lat' dir='ltr'><strong>benedicet</strong></span> <span class='ocrx_word' id='word_1_149' title='bbox 1153 1989 1189 2033; x_wconf 82' lang='lat' dir='ltr'><strong>ea</strong></span> <span class='ocrx_word' id='word_1_150' title='bbox 1267 2013 1268 2016; x_wconf 20' lang='grc' dir='ltr'><strong>κ</strong></span> 
     </span>
     <span class='ocr_line' id='line_1_20' title="bbox 214 2059 1074 2142; baseline 0.007 -26"><span class='ocrx_word' id='word_1_151' title='bbox 214 2083 228 2116; x_wconf 78' lang='lat' dir='ltr'><strong>a</strong></span> <span class='ocrx_word' id='word_1_152' title='bbox 254 2061 383 2123; x_wconf 80' lang='lat' dir='ltr'><strong>formula</strong></span> <span class='ocrx_word' id='word_1_153' title='bbox 397 2081 466 2142; x_wconf 79' lang='lat' dir='ltr'><strong>quae</strong></span> <span class='ocrx_word' id='word_1_154' title='bbox 477 2059 554 2122; x_wconf 85' lang='lat' dir='ltr'><strong>inira</strong></span> <span class='ocrx_word' id='word_1_155' title='bbox 565 2059 777 2142; x_wconf 83' lang='lat' dir='ltr'><strong>praescribitur.</strong></span> <span class='ocrx_word' id='word_1_156' title='bbox 794 2083 808 2118; x_wconf 83' lang='lat' dir='ltr'><strong>u</strong></span> <span class='ocrx_word' id='word_1_157' title='bbox 827 2059 882 2136; x_wconf 80' lang='lat' dir='ltr'><strong>(Dr</strong></span> <span class='ocrx_word' id='word_1_158' title='bbox 893 2059 1074 2142; x_wconf 83' lang='lat' dir='ltr'><strong>Baptismc.)</strong></span> 
     </span>
    </p>
   </div>
   <div class='ocr_carea' id='block_1_5' title="bbox 212 2157 1195 3309">
    <p class='ocr_par' dir='ltr' id='par_1_6' title="bbox 212 2157 1195 3309">
     <span class='ocr_line' id='line_1_21' title="bbox 253 2157 1188 2240; baseline 0 -20"><span class='ocrx_word' id='word_1_159' title='bbox 253 2162 343 2220; x_wconf 70' lang='lat'><strong>3255.</strong></span> <span class='ocrx_word' id='word_1_160' title='bbox 372 2181 387 2217; x_wconf 81' lang='lat' dir='ltr'><strong>a</strong></span> <span class='ocrx_word' id='word_1_161' title='bbox 409 2159 555 2220; x_wconf 83' lang='lat' dir='ltr'><strong>Genericb</strong></span> <span class='ocrx_word' id='word_1_162' title='bbox 575 2157 742 2237; x_wconf 79' lang='lat' dir='ltr'><strong>loquendo,</strong></span> <span class='ocrx_word' id='word_1_163' title='bbox 765 2157 864 2239; x_wconf 83' lang='lat' dir='ltr'><strong>inquit</strong></span> <span class='ocrx_word' id='word_1_164' title='bbox 885 2159 916 2221; x_wconf 91' lang='lat' dir='ltr'><strong>S.</strong></span> <span class='ocrx_word' id='word_1_165' title='bbox 941 2158 1065 2240; x_wconf 84' lang='lat' dir='ltr'><strong>Liguor.</strong></span> <span class='ocrx_word' id='word_1_166' title='bbox 1091 2159 1188 2236; x_wconf 80' lang='lat' dir='ltr'><strong>(ibid,</strong></span> 
     </span>
     <span class='ocr_line' id='line_1_22' title="bbox 217 2246 1192 2330; baseline 0.007 -26"><span class='ocrx_word' id='word_1_167' title='bbox 217 2268 230 2304; x_wconf 77' lang='lat' dir='ltr'><strong>e</strong></span> <span class='ocrx_word' id='word_1_168' title='bbox 256 2250 288 2307; x_wconf 88' lang='lat' dir='ltr'><strong>n⁰</strong></span> <span class='ocrx_word' id='word_1_169' title='bbox 311 2251 390 2323; x_wconf 78' lang='lat' dir='ltr'><strong>lua),</strong></span> <span class='ocrx_word' id='word_1_170' title='bbox 402 2247 525 2308; x_wconf 87' lang='lat' dir='ltr'><strong>omissio</strong></span> <span class='ocrx_word' id='word_1_171' title='bbox 543 2265 630 2328; x_wconf 80' lang='lat' dir='ltr'><strong>aquae</strong></span> <span class='ocrx_word' id='word_1_172' title='bbox 645 2246 809 2309; x_wconf 73' lang='lat' dir='ltr'><strong>benedictae</strong></span> <span class='ocrx_word' id='word_1_173' title='bbox 823 2253 869 2310; x_wconf 91' lang='lat' dir='ltr'><strong>est</strong></span> <span class='ocrx_word' id='word_1_174' title='bbox 883 2249 1047 2312; x_wconf 78' lang='lat' dir='ltr'><strong>mortale...</strong></span> <span class='ocrx_word' id='word_1_175' title='bbox 1064 2251 1098 2311; x_wconf 93' lang='lat' dir='ltr'><strong>ln</strong></span> <span class='ocrx_word' id='word_1_176' title='bbox 1117 2251 1192 2330; x_wconf 87' lang='lat' dir='ltr'><strong>Bap-</strong></span> 
     </span>
     <span class='ocr_line' id='line_1_23' title="bbox 214 2336 1192 2419; baseline 0.008 -27"><span class='ocrx_word' id='word_1_177' title='bbox 214 2357 228 2392; x_wconf 79' lang='lat' dir='ltr'><strong>a</strong></span> <span class='ocrx_word' id='word_1_178' title='bbox 253 2336 343 2398; x_wconf 88' lang='lat' dir='ltr'><strong>tismo</strong></span> <span class='ocrx_word' id='word_1_179' title='bbox 366 2343 467 2398; x_wconf 88' lang='lat' dir='ltr'><strong>autem</strong></span> <span class='ocrx_word' id='word_1_180' title='bbox 488 2336 602 2418; x_wconf 82' lang='lat' dir='ltr'><strong>privato</strong></span> <span class='ocrx_word' id='word_1_181' title='bbox 621 2336 693 2400; x_wconf 90' lang='lat' dir='ltr'><strong>dicit</strong></span> <span class='ocrx_word' id='word_1_182' title='bbox 715 2337 840 2399; x_wconf 81' lang='lat' dir='ltr'><strong>Croix...</strong></span> <span class='ocrx_word' id='word_1_183' title='bbox 859 2355 920 2399; x_wconf 90' lang='lat' dir='ltr'><strong>non</strong></span> <span class='ocrx_word' id='word_1_184' title='bbox 945 2336 1058 2418; x_wconf 84' lang='lat' dir='ltr'><strong>requiri</strong></span> <span class='ocrx_word' id='word_1_185' title='bbox 1080 2357 1192 2419; x_wconf 80' lang='lat' dir='ltr'><strong>aquam</strong></span> 
     </span>
     <span class='ocr_line' id='line_1_24' title="bbox 214 2425 1194 2507; baseline 0.006 -23"><span class='ocrx_word' id='word_1_186' title='bbox 214 2449 227 2484; x_wconf 76' lang='lat' dir='ltr'><strong>a</strong></span> <span class='ocrx_word' id='word_1_187' title='bbox 254 2426 461 2501; x_wconf 83' lang='lat' dir='ltr'><strong>benedictam,</strong></span> <span class='ocrx_word' id='word_1_188' title='bbox 477 2425 529 2488; x_wconf 90' lang='lat' dir='ltr'><strong>sed</strong></span> <span class='ocrx_word' id='word_1_189' title='bbox 544 2429 657 2489; x_wconf 84' lang='lat' dir='ltr'><strong>Toum.</strong></span> <span class='ocrx_word' id='word_1_190' title='bbox 670 2426 776 2488; x_wconf 89' lang='lat' dir='ltr'><strong>asserit</strong></span> <span class='ocrx_word' id='word_1_191' title='bbox 789 2425 870 2507; x_wconf 85' lang='lat' dir='ltr'><strong>qudd</strong></span> <span class='ocrx_word' id='word_1_192' title='bbox 889 2427 1078 2507; x_wconf 79' lang='lat' dir='ltr'><strong>Baptismus,</strong></span> <span class='ocrx_word' id='word_1_193' title='bbox 1093 2428 1194 2490; x_wconf 86' lang='lat' dir='ltr'><strong>adhue</strong></span> 
     </span>
     <span class='ocr_line' id='line_1_25' title="bbox 213 2513 1193 2586; baseline 0.004 -14"><span class='ocrx_word' id='word_1_194' title='bbox 213 2541 227 2576; x_wconf 79' lang='lat' dir='ltr'><strong>a</strong></span> <span class='ocrx_word' id='word_1_195' title='bbox 252 2515 283 2578; x_wconf 93' lang='lat' dir='ltr'><strong>in</strong></span> <span class='ocrx_word' id='word_1_196' title='bbox 305 2515 480 2578; x_wconf 85' lang='lat' dir='ltr'><strong>necessitate</strong></span> <span class='ocrx_word' id='word_1_197' title='bbox 507 2515 589 2576; x_wconf 90' lang='lat' dir='ltr'><strong>domi</strong></span> <span class='ocrx_word' id='word_1_198' title='bbox 612 2513 834 2586; x_wconf 81' lang='lat' dir='ltr'><strong>conferendus,</strong></span> <span class='ocrx_word' id='word_1_199' title='bbox 849 2514 939 2576; x_wconf 89' lang='lat' dir='ltr'><strong>debet</strong></span> <span class='ocrx_word' id='word_1_200' title='bbox 962 2515 1061 2576; x_wconf 87' lang='lat' dir='ltr'><strong>curari</strong></span> <span class='ocrx_word' id='word_1_201' title='bbox 1085 2523 1120 2578; x_wconf 90' lang='lat' dir='ltr'><strong>ut</strong></span> <span class='ocrx_word' id='word_1_202' title='bbox 1143 2516 1193 2577; x_wconf 86' lang='lat' dir='ltr'><strong>liat</strong></span> 
     </span>
     <span class='ocr_line' id='line_1_26' title="bbox 214 2603 1193 2687; baseline 0.003 -24"><span class='ocrx_word' id='word_1_203' title='bbox 214 2629 227 2665; x_wconf 78' lang='lat' dir='ltr'><strong>a</strong></span> <span class='ocrx_word' id='word_1_204' title='bbox 252 2610 330 2687; x_wconf 83' lang='lat' dir='ltr'><strong>aqua</strong></span> <span class='ocrx_word' id='word_1_205' title='bbox 350 2604 507 2667; x_wconf 83' lang='lat' dir='ltr'><strong>benedicta</strong></span> <span class='ocrx_word' id='word_1_206' title='bbox 528 2605 683 2666; x_wconf 90' lang='lat' dir='ltr'><strong>communi</strong></span> <span class='ocrx_word' id='word_1_207' title='bbox 702 2621 755 2666; x_wconf 88' lang='lat' dir='ltr'><strong>seu</strong></span> <span class='ocrx_word' id='word_1_208' title='bbox 771 2603 905 2679; x_wconf 88' lang='lat' dir='ltr'><strong>lustrali,</strong></span> <span class='ocrx_word' id='word_1_209' title='bbox 920 2604 960 2666; x_wconf 88' lang='lat' dir='ltr'><strong>ub</strong></span> <span class='ocrx_word' id='word_1_210' title='bbox 976 2604 1124 2681; x_wconf 83' lang='lat' dir='ltr'><strong>nrajcrcm</strong></span> <span class='ocrx_word' id='word_1_211' title='bbox 1139 2604 1193 2666; x_wconf 88' lang='lat' dir='ltr'><strong>de·</strong></span> 
     </span>
     <span class='ocr_line' id='line_1_27' title="bbox 213 2691 1195 2774; baseline 0.004 -20"><span class='ocrx_word' id='word_1_212' title='bbox 213 2719 228 2754; x_wconf 79' lang='lat' dir='ltr'><strong>a</strong></span> <span class='ocrx_word' id='word_1_213' title='bbox 253 2696 393 2758; x_wconf 80' lang='lat' dir='ltr'><strong>acutiam.</strong></span> <span class='ocrx_word' id='word_1_214' title='bbox 407 2717 421 2752; x_wconf 81' lang='lat' dir='ltr'><strong>u</strong></span> <span class='ocrx_word' id='word_1_215' title='bbox 439 2695 546 2756; x_wconf 87' lang='lat' dir='ltr'><strong>Peccat</strong></span> <span class='ocrx_word' id='word_1_216' title='bbox 559 2694 640 2755; x_wconf 86' lang='lat' dir='ltr'><strong>certb</strong></span> <span class='ocrx_word' id='word_1_217' title='bbox 654 2693 781 2772; x_wconf 75' lang='lat' dir='ltr'><strong>graviter</strong></span> <span class='ocrx_word' id='word_1_218' title='bbox 791 2694 842 2772; x_wconf 84' lang='lat' dir='ltr'><strong>qui</strong></span> <span class='ocrx_word' id='word_1_219' title='bbox 851 2739 859 2766; x_wconf 85' lang='lat'>‚</span> <span class='ocrx_word' id='word_1_220' title='bbox 868 2691 983 2774; x_wconf 84' lang='lat' dir='ltr'><strong>absque</strong></span> <span class='ocrx_word' id='word_1_221' title='bbox 996 2693 1078 2774; x_wconf 78' lang='lat' dir='ltr'><strong>gravi</strong></span> <span class='ocrx_word' id='word_1_222' title='bbox 1091 2713 1195 2758; x_wconf 76' lang='lat' dir='ltr'><strong>neces·</strong></span> 
     </span>
     <span class='ocr_line' id='line_1_28' title="bbox 212 2781 1192 2864; baseline -0.002 -18"><span class='ocrx_word' id='word_1_223' title='bbox 212 2785 317 2852; x_wconf 89' lang='lat' dir='ltr'><strong>silate.</strong></span> <span class='ocrx_word' id='word_1_224' title='bbox 341 2785 432 2847; x_wconf 91' lang='lat' dir='ltr'><strong>utitur</strong></span> <span class='ocrx_word' id='word_1_225' title='bbox 452 2786 532 2864; x_wconf 81' lang='lat' dir='ltr'><strong>aqua</strong></span> <span class='ocrx_word' id='word_1_226' title='bbox 560 2782 697 2864; x_wconf 81' lang='lat' dir='ltr'><strong>impura,</strong></span> <span class='ocrx_word' id='word_1_227' title='bbox 713 2781 843 2844; x_wconf 83' lang='lat' dir='ltr'><strong>turbida.</strong></span> <span class='ocrx_word' id='word_1_228' title='bbox 866 2783 900 2844; x_wconf 93' lang='lat' dir='ltr'><strong>ln</strong></span> <span class='ocrx_word' id='word_1_229' title='bbox 928 2782 1065 2863; x_wconf 90' lang='lat' dir='ltr'><strong>periculo</strong></span> <span class='ocrx_word' id='word_1_230' title='bbox 1088 2791 1192 2846; x_wconf 87' lang='lat' dir='ltr'><strong>aulem</strong></span> 
     </span>
     <span class='ocr_line' id='line_1_29' title="bbox 213 2867 1191 2954; baseline 0.001 -22"><span class='ocrx_word' id='word_1_231' title='bbox 213 2875 318 2933; x_wconf 89' lang='lat' dir='ltr'><strong>mortis</strong></span> <span class='ocrx_word' id='word_1_232' title='bbox 337 2880 431 2954; x_wconf 80' lang='lat' dir='ltr'><strong>potest</strong></span> <span class='ocrx_word' id='word_1_233' title='bbox 453 2871 585 2933; x_wconf 87' lang='lat' dir='ltr'><strong>adbiberi</strong></span> <span class='ocrx_word' id='word_1_234' title='bbox 609 2871 699 2932; x_wconf 89' lang='lat' dir='ltr'><strong>etiam</strong></span> <span class='ocrx_word' id='word_1_235' title='bbox 722 2870 829 2944; x_wconf 87' lang='lat' dir='ltr'><strong>dubia,</strong></span> <span class='ocrx_word' id='word_1_236' title='bbox 857 2869 881 2932; x_wconf 85' lang='lat' dir='ltr'><strong>si</strong></span> <span class='ocrx_word' id='word_1_237' title='bbox 902 2879 983 2932; x_wconf 82' lang='lat' dir='ltr'><strong>certa</strong></span> <span class='ocrx_word' id='word_1_238' title='bbox 1005 2867 1108 2932; x_wconf 86' lang='lat' dir='ltr'><strong>baberi</strong></span> <span class='ocrx_word' id='word_1_239' title='bbox 1131 2891 1191 2934; x_wconf 89' lang='lat' dir='ltr'><strong>nnn</strong></span> 
     </span>
     <span class='ocr_line' id='line_1_30' title="bbox 214 2959 1193 3041; baseline 0.002 -21"><span class='ocrx_word' id='word_1_240' title='bbox 214 2961 321 3041; x_wconf 64' lang='lat' dir='ltr'><strong>possim</strong></span> <span class='ocrx_word' id='word_1_241' title='bbox 335 2961 387 3022; x_wconf 93' lang='lat' dir='ltr'><strong>sed</strong></span> <span class='ocrx_word' id='word_1_242' title='bbox 401 2961 458 3023; x_wconf 92' lang='lat' dir='ltr'><strong>sub</strong></span> <span class='ocrx_word' id='word_1_243' title='bbox 472 2961 645 3023; x_wconf 91' lang='lat' dir='ltr'><strong>conditione</strong></span> <span class='ocrx_word' id='word_1_244' title='bbox 658 2959 802 3021; x_wconf 85' lang='lat' dir='ltr'><strong>duntaxat</strong></span> <span class='ocrx_word' id='word_1_245' title='bbox 817 2959 989 3038; x_wconf 86' lang='lat' dir='ltr'><strong>hujusmodi</strong></span> <span class='ocrx_word' id='word_1_246' title='bbox 1007 2961 1135 3022; x_wconf 85' lang='lat' dir='ltr'><strong>materia</strong></span> <span class='ocrx_word' id='word_1_247' title='bbox 1149 2967 1193 3022; x_wconf 83' lang='lat' dir='ltr'><strong>est</strong></span> 
     </span>
     <span class='ocr_line' id='line_1_31' title="bbox 212 3047 1192 3132; baseline 0 -22"><span class='ocrx_word' id='word_1_248' title='bbox 212 3049 400 3123; x_wconf 85' lang='lat' dir='ltr'><strong>adhibenda,</strong></span> <span class='ocrx_word' id='word_1_249' title='bbox 424 3059 454 3111; x_wconf 88' lang='lat' dir='ltr'><strong>et</strong></span> <span class='ocrx_word' id='word_1_250' title='bbox 483 3050 507 3111; x_wconf 89' lang='lat' dir='ltr'><strong>si</strong></span> <span class='ocrx_word' id='word_1_251' title='bbox 535 3048 731 3132; x_wconf 81' lang='lat' dir='ltr'><strong>supervixerit</strong></span> <span class='ocrx_word' id='word_1_252' title='bbox 754 3049 851 3111; x_wconf 86' lang='lat' dir='ltr'><strong>taliter</strong></span> <span class='ocrx_word' id='word_1_253' title='bbox 876 3048 1066 3130; x_wconf 79' lang='lat' dir='ltr'><strong>baptizatus,</strong></span> <span class='ocrx_word' id='word_1_254' title='bbox 1091 3047 1192 3110; x_wconf 79' lang='lat' dir='ltr'><strong>habita</strong></span> 
     </span>
     <span class='ocr_line' id='line_1_32' title="bbox 212 3135 1191 3220; baseline -0.002 -20"><span class='ocrx_word' id='word_1_255' title='bbox 212 3139 299 3219; x_wconf 76' lang='lat' dir='ltr'><strong>copia</strong></span> <span class='ocrx_word' id='word_1_256' title='bbox 320 3138 450 3199; x_wconf 83' lang='lat' dir='ltr'><strong>materiae</strong></span> <span class='ocrx_word' id='word_1_257' title='bbox 464 3141 545 3200; x_wconf 77' lang='lat' dir='ltr'><strong>certe</strong></span> <span class='ocrx_word' id='word_1_258' title='bbox 563 3138 684 3212; x_wconf 80' lang='lat' dir='ltr'><strong>validae,</strong></span> <span class='ocrx_word' id='word_1_259' title='bbox 701 3138 808 3200; x_wconf 88' lang='lat' dir='ltr'><strong>iterum</strong></span> <span class='ocrx_word' id='word_1_260' title='bbox 830 3145 875 3200; x_wconf 86' lang='lat' dir='ltr'><strong>est</strong></span> <span class='ocrx_word' id='word_1_261' title='bbox 888 3135 1118 3220; x_wconf 88' lang='lat' dir='ltr'><strong>rebaptizandus</strong></span> <span class='ocrx_word' id='word_1_262' title='bbox 1133 3137 1191 3200; x_wconf 93' lang='lat' dir='ltr'><strong>sub</strong></span> 
     </span>
     <span class='ocr_line' id='line_1_33' title="bbox 212 3225 883 3309; baseline -0.001 -19"><span class='ocrx_word' id='word_1_263' title='bbox 212 3225 396 3290; x_wconf 87' lang='lat' dir='ltr'><strong>conditione.</strong></span> <span class='ocrx_word' id='word_1_264' title='bbox 413 3225 487 3287; x_wconf 92' lang='lat' dir='ltr'><strong>Vide</strong></span> <span class='ocrx_word' id='word_1_265' title='bbox 502 3227 534 3286; x_wconf 84' lang='lat' dir='ltr'><strong>P.</strong></span> <span class='ocrx_word' id='word_1_266' title='bbox 553 3229 646 3309; x_wconf 84' lang='lat' dir='ltr'><strong>Gury.</strong></span> <span class='ocrx_word' id='word_1_267' title='bbox 663 3225 747 3298; x_wconf 72' lang='lat' dir='ltr'><strong>itta..</strong></span> <span class='ocrx_word' id='word_1_268' title='bbox 766 3237 800 3289; x_wconf 88' lang='lat' dir='ltr'><strong>u·</strong></span> <span class='ocrx_word' id='word_1_269' title='bbox 814 3230 883 3289; x_wconf 77' lang='lat' dir='ltr'><strong>llil.</strong></span> 
     </span>
    </p>
   </div>
   <div class='ocr_carea' id='block_1_6' title="bbox 252 3323 1191 3407">
    <p class='ocr_par' dir='ltr' id='par_1_7' title="bbox 252 3323 1191 3407">
     <span class='ocr_line' id='line_1_34' title="bbox 252 3323 1191 3407; baseline 0.002 -21"><span class='ocrx_word' id='word_1_270' title='bbox 252 3327 341 3387; x_wconf 74' lang='lat'><strong>3256.</strong></span> <span class='ocrx_word' id='word_1_271' title='bbox 357 3357 395 3371; x_wconf 93' lang='lat'>-</span> <span class='ocrx_word' id='word_1_272' title='bbox 409 3325 445 3388; x_wconf 92' lang='lat' dir='ltr'><strong>ll.</strong></span> <span class='ocrx_word' id='word_1_273' title='bbox 461 3324 582 3386; x_wconf 87' lang='lat' dir='ltr'><strong>Materia</strong></span> <span class='ocrx_word' id='word_1_274' title='bbox 591 3325 732 3406; x_wconf 75' lang='lat' dir='ltr'><strong>proxima</strong></span> <span class='ocrx_word' id='word_1_275' title='bbox 747 3325 891 3406; x_wconf 79' lang='lat' dir='ltr'><strong>baptismi</strong></span> <span class='ocrx_word' id='word_1_276' title='bbox 910 3333 954 3388; x_wconf 90' lang='lat' dir='ltr'><strong>est</strong></span> <span class='ocrx_word' id='word_1_277' title='bbox 962 3323 1098 3404; x_wconf 87' lang='lat' dir='ltr'><strong>ablutio,</strong></span> <span class='ocrx_word' id='word_1_278' title='bbox 1119 3341 1191 3407; x_wconf 80' lang='lat' dir='ltr'><strong>quae</strong></span> 
     </span>
    </p>
   </div>
   <div class='ocr_carea' id='block_1_7' title="bbox 211 3471 1190 3826">
    <p class='ocr_par' dir='ltr' id='par_1_8' title="bbox 211 3471 1190 3826">
     <span class='ocr_line' id='line_1_35' title="bbox 243 3471 1190 3539; baseline 0 -15"><span class='ocrx_word' id='word_1_279' title='bbox 243 3481 251 3507; x_wconf 79' lang='lat'>¹</span> <span class='ocrx_word' id='word_1_280' title='bbox 270 3475 372 3526; x_wconf 86' lang='lat' dir='ltr'><strong>Parorbi</strong></span> <span class='ocrx_word' id='word_1_281' title='bbox 386 3475 477 3526; x_wconf 86' lang='lat' dir='ltr'><strong>debent</strong></span> <span class='ocrx_word' id='word_1_282' title='bbox 490 3473 582 3524; x_wconf 82' lang='lat' dir='ltr'><strong>lentem</strong></span> <span class='ocrx_word' id='word_1_283' title='bbox 599 3473 769 3539; x_wconf 80' lang='lat' dir='ltr'><strong>baptismalem</strong></span> <span class='ocrx_word' id='word_1_284' title='bbox 782 3471 938 3535; x_wconf 74' lang='lat' dir='ltr'><strong>benedicere,</strong></span> <span class='ocrx_word' id='word_1_285' title='bbox 952 3488 1001 3526; x_wconf 88' lang='lat' dir='ltr'><strong>non</strong></span> <span class='ocrx_word' id='word_1_286' title='bbox 1014 3475 1110 3524; x_wconf 73' lang='lat' dir='ltr'><strong>unlbm</strong></span> <span class='ocrx_word' id='word_1_287' title='bbox 1124 3473 1190 3524; x_wconf 85' lang='lat' dir='ltr'><strong>Sab-</strong></span> 
     </span>
     <span class='ocr_line' id='line_1_36' title="bbox 212 3545 1190 3607; baseline -0.001 -10"><span class='ocrx_word' id='word_1_288' title='bbox 212 3545 270 3597; x_wconf 83' lang='lat' dir='ltr'><strong>bata</strong></span> <span class='ocrx_word' id='word_1_289' title='bbox 294 3547 401 3607; x_wconf 76' lang='lat' dir='ltr'><strong>Paacbe,</strong></span> <span class='ocrx_word' id='word_1_290' title='bbox 422 3547 465 3598; x_wconf 86' lang='lat' dir='ltr'><strong>sed</strong></span> <span class='ocrx_word' id='word_1_291' title='bbox 479 3547 551 3595; x_wconf 88' lang='lat' dir='ltr'><strong>etiam</strong></span> <span class='ocrx_word' id='word_1_292' title='bbox 566 3545 744 3606; x_wconf 64' lang='lat' dir='ltr'><strong>Pentecosten</strong></span> <span class='ocrx_word' id='word_1_293' title='bbox 763 3553 789 3598; x_wconf 85' lang='lat' dir='ltr'><strong>at</strong></span> <span class='ocrx_word' id='word_1_294' title='bbox 806 3546 1011 3597; x_wconf 84' lang='lat' dir='ltr'><strong>consuetudinem</strong></span> <span class='ocrx_word' id='word_1_295' title='bbox 1023 3547 1190 3607; x_wconf 71' lang='lat' dir='ltr'><strong>centrarium,</strong></span> 
     </span>
     <span class='ocr_line' id='line_1_37' title="bbox 211 3617 1188 3676; baseline 0.002 -10"><span class='ocrx_word' id='word_1_296' title='bbox 211 3618 278 3667; x_wconf 80' lang='lat' dir='ltr'><strong>velut</strong></span> <span class='ocrx_word' id='word_1_297' title='bbox 292 3619 396 3668; x_wconf 88' lang='lat' dir='ltr'><strong>abusum</strong></span> <span class='ocrx_word' id='word_1_298' title='bbox 414 3617 519 3668; x_wconf 74' lang='lat' dir='ltr'><strong>cultricis</strong></span> <span class='ocrx_word' id='word_1_299' title='bbox 533 3617 702 3676; x_wconf 77' lang='lat' dir='ltr'><strong>contrarium,</strong></span> <span class='ocrx_word' id='word_1_300' title='bbox 717 3633 771 3669; x_wconf 81' lang='lat' dir='ltr'><strong>aaaa</strong></span> <span class='ocrx_word' id='word_1_301' title='bbox 784 3617 957 3669; x_wconf 83' lang='lat' dir='ltr'><strong>eliminandam</strong></span> <span class='ocrx_word' id='word_1_302' title='bbox 971 3619 1105 3666; x_wconf 75' lang='lat' dir='ltr'><strong>declarant</strong></span> <span class='ocrx_word' id='word_1_303' title='bbox 1118 3619 1146 3665; x_wconf 73' lang='lat' dir='ltr'><strong>S.</strong></span> <span class='ocrx_word' id='word_1_304' title='bbox 1161 3617 1188 3668; x_wconf 81' lang='lat' dir='ltr'><strong>R.</strong></span> 
     </span>
     <span class='ocr_line' id='line_1_38' title="bbox 211 3687 1189 3755; baseline 0.002 -15"><span class='ocrx_word' id='word_1_305' title='bbox 211 3687 384 3755; x_wconf 76' lang='lat' dir='ltr'><strong>Congregatio.</strong></span> <span class='ocrx_word' id='word_1_306' title='bbox 399 3689 411 3740; x_wconf 86' lang='lat' dir='ltr'><strong>&#39;l</strong></span> <span class='ocrx_word' id='word_1_307' title='bbox 423 3687 561 3740; x_wconf 81' lang='lat' dir='ltr'><strong>deaerubria</strong></span> <span class='ocrx_word' id='word_1_308' title='bbox 573 3687 634 3736; x_wconf 76' lang='lat' dir='ltr'><strong>tau</strong></span> <span class='ocrx_word' id='word_1_309' title='bbox 651 3691 689 3754; x_wconf 74' lang='lat' dir='ltr'><strong>(n0</strong></span> <span class='ocrx_word' id='word_1_310' title='bbox 699 3689 765 3753; x_wconf 76' lang='lat' dir='ltr'><strong>dili).</strong></span> <span class='ocrx_word' id='word_1_311' title='bbox 779 3687 837 3740; x_wconf 87' lang='lat' dir='ltr'><strong>llide</strong></span> <span class='ocrx_word' id='word_1_312' title='bbox 848 3690 1063 3742; x_wconf 67' lang='lat' dir='ltr'><strong>biduanam·</strong></span> <span class='ocrx_word' id='word_1_313' title='bbox 1075 3690 1189 3752; x_wconf 59' lang='lat' dir='ltr'><strong>mea.</strong></span> 
     </span>
     <span class='ocr_line' id='line_1_39' title="bbox 212 3757 655 3826; baseline -0.007 -14"><span class='ocrx_word' id='word_1_314' title='bbox 212 3759 240 3812; x_wconf 78' lang='lat' dir='ltr'><strong>l).</strong></span> <span class='ocrx_word' id='word_1_315' title='bbox 251 3761 398 3815; x_wconf 75' lang='lat' dir='ltr'><strong>uutssmmat</strong></span> <span class='ocrx_word' id='word_1_316' title='bbox 408 3762 445 3826; x_wconf 65' lang='grc' dir='ltr'><strong>(νῦ</strong></span> <span class='ocrx_word' id='word_1_317' title='bbox 454 3758 582 3823; x_wconf 81' lang='lat' dir='ltr'><strong>Bapte&#39;ma.</strong></span> <span class='ocrx_word' id='word_1_318' title='bbox 595 3757 655 3809; x_wconf 57' lang='grc' dir='ltr'><strong>Μ.</strong></span> 
     </span>
    </p>
   </div>
   <div class='ocr_carea' id='block_1_8' title="bbox 0 0 1280 3992">
    <p class='ocr_par' dir='ltr' id='par_1_9' title="bbox 0 0 1280 3992">
     <span class='ocr_line' id='line_1_40' title="bbox 0 0 1280 3992; baseline 0 0"><span class='ocrx_word' id='word_1_319' title='bbox 0 0 1280 3992; x_wconf 95' lang='lat' dir='ltr'><strong> </strong></span> 
     </span>
    </p>
   </div>
  </div>
 </body>
</html>
