2528 3996
197 233 255 296 532
415 255 551 300 urucam
571 253 671 301 nouus
689 256 771 303 auare
793 254 929 302 canonrcr

611 454 690 518 ΛΒΤ.
714 455 759 520 lll.

477 615 514 660 uu
533 614 674 660 nummula
696 615 893 662 REGULARIUM.

239 747 327 807 2867.
350 745 543 828 Regularium
557 746 691 825 regimen
707 743 750 806 rel
765 745 847 826 ipsos
860 745 1015 826 regulares
1027 749 1176 830 respicit,

200 831 245 895 rel
266 851 409 914 personas
428 838 606 909 extraneas3
636 830 717 894 unde
737 832 798 895 duo
816 840 906 896 erunt
923 837 1137 917 paragraphi:
1152 837 1181 898 in

200 920 349 1004 primorie
368 921 515 1001 regimine
537 920 719 1002 regularium
742 919 782 984 ad
798 927 899 1000 extra3
911 921 943 984 in
961 925 1123 1002 seeundo,
1146 925 1182 986 de.

201 1009 307 1072 eodem
317 1009 463 1089 regimine
475 1008 514 1071 ad
527 1010 614 1072 intra.

652 1144 713 1224 §¹-

306 1365 310 1376 ¹
389 1279 432 1341 De
452 1277 593 1360 repr'mine
614 1279 799 1360 repertorium
818 1278 858 1340 ud
876 1287 974 1342 eatro.

241 1435 330 1497 2868.
354 1429 593 1514 Expendendum
608 1437 651 1492 est
664 1430 722 1493 hoc
735 1434 870 1512 regimen
889 1433 950 1494 sive
969 1434 1079 1513 quoad
1095 1435 1182 1499 holri-

203 1523 316 1585 litntem
336 1521 374 1584 ad
395 1520 499 1582 munia
522 1518 739 1597 ecclesiastica,
761 1521 822 1582 sivo
839 1520 938 1603 quoad
961 1521 1012 1600 jus
1037 1522 1181 1603 ipsorum

203 1628 322 1676 sacrum
346 1608 546 1671 ministerium
572 1608 750 1680 exercendi,
776 1607 836 1672 sive
857 1607 958 1691 quoad
977 1609 1180 1676 administra·

202 1701 317 1763 tionem
332 1698 481 1760 bonorum
496 1695 720 1778 temporalium,
736 1696 797 1759 sive
810 1695 909 1778 quoad
924 1696 1086 1779 privilegia
1099 1747 1110 1776 ,
1122 1705 1182 1764 site

203 1788 302 1871 quoad
318 1788 480 1869 Episcopus
490 1783 520 1844 in
534 1783 962 1865 Congregationibusvirorum
974 1787 1053 1848 rotis
1067 1790 1181 1853 solem

204 1879 293 1940 nibus
304 1875 491 1950 carentibus,
506 1873 566 1934 sive
583 1872 704 1934 tandem
718 1873 818 1954 quoad
832 1873 913 1936 varia
926 1874 1079 1938 moniales
1094 1895 1180 1962 spec-

203 1967 306 2028 tantia.

590 2061 744 2122 runcatur
758 2064 778 2124 l.

248 2185 285 2230 nu
306 2183 485 2229 marurrnrn
505 2182 694 2230 nucumnruu
712 2183 750 2228 no
771 2184 864 2230 uuum
885 2183 1127 2236 somonasrrm.

243 2297 331 2357 2869.
348 2293 410 2355 Nec
420 2294 489 2372 jure
505 2293 631 2358 naturali
648 2311 703 2356 nec
716 2292 817 2356 divino
831 2293 988 2375 incapaces
1001 2301 1071 2356 sunt
1087 2315 1180 2380 regu·

205 2384 281 2446 lares
300 2382 474 2445 munierum
491 2381 770 2445 ecclesiasticorum.
786 2381 861 2445 Vide
874 2382 904 2444 id
917 2381 1077 2464 probatum
1093 2387 1178 2468 apud

205 2475 243 2535 l).
264 2473 359 2534 Bouix
374 2471 428 2549 (De
443 2470 598 2553 Repetam,
612 2478 686 2532 tom.
703 2474 733 2546 2,
748 2489 779 2552 p.
795 2473 886 2548 245).

245 2565 334 2625 uam.
347 2559 469 2633 Quaerit.
480 2559 639 2639 1⁰Anjure
652 2558 851 2621 ecclesiastico
860 2559 1004 2622 hodierno
1018 2561 1180 2643 regulares

206 2651 323 2714 valeant
343 2649 509 2732 promoveri
525 2647 563 2710 od
580 2646 720 2709 ecclesias
739 2646 942 2728 parochiales,
957 2654 1009 2710 out
1025 2648 1065 2710 ad
1082 2649 1181 2714 bene

206 2739 273 2802 licia
287 2739 439 2802 saecularia
453 2735 621 2819 simplicia?

246 2831 336 2909 Resp.
350 2827 400 2889 Vel
411 2827 469 2890 illae
478 2824 627 2908 parochie
640 2823 828 2886 monasteriis
843 2829 914 2886 sunt
926 2824 1017 2886 unitur
1028 2826 1077 2888 vel
1090 2846 1178 2892 non:

206 2915 238 2978 in
252 2919 350 2997 primo
364 2934 434 2978 casu
447 2963 454 2984 ,
469 2916 548 2977 certe
563 2912 715 2994 regulares
733 2919 859 2994 possunt
876 2913 1044 2994 promoveri
1060 2914 1100 2978 ad
1123 2917 1179 2982 hu

205 3002 336 3084 jusmodi
355 3003 530 3082 parochias:
550 3007 719 3064 constater
742 3000 855 3062 Concil.
878 2999 1012 3062 Trident.
1034 3002 1128 3078 (sees.
1146 3011 1177 3083 7,

102 3089 108 3098 '
207 3111 234 3155 c.
251 3097 280 3165 i,
296 3089 330 3150 de
344 3089 493 3170 reform),
509 3091 569 3152 sive
583 3089 644 3152 sint
661 3089 752 3152 unitae
766 3089 855 3170 pleno
865 3089 934 3168 jure
947 3087 995 3166 (id
1009 3095 1066 3160 cst,
1081 3093 1179 3156 unita

208 3198 268 3243 non
282 3180 380 3240 solinu
394 3177 492 3258 quoad
504 3179 553 3256 Jus
566 3176 748 3259 percipiendi
762 3175 894 3239 redditus
906 3178 1104 3258 temporales,
1121 3184 1177 3243 sed

208 3271 297 3331 etiarn
323 3265 422 3346 quoad
444 3263 729 3328 administrationem
752 3264 968 3346 spiritualium,
991 3283 1046 3328 seu
1067 3285 1176 3330 euram
1242 3261 1243 3316 l

208 3356 404 3433 animarum),
417 3353 477 3416 sive
492 3354 583 3416 unitae
596 3354 656 3416 sint
668 3355 783 3416 tantum
797 3353 896 3434 quoad
912 3355 1097 3436 temporalia.
1113 3357 1175 3419 Sed
1242 3401 1243 3404 ,

208 3445 241 3506 in
256 3443 345 3522 priori
365 3460 453 3516 casu,
470 3442 494 3504 si
513 3449 618 3521 agatur·
633 3442 672 3504 de
690 3439 917 3504 mendicantibus
929 3451 982 3503 arat
1001 3445 1174 3518 incautis,
1242 3467 1243 3538 p

208 3529 236 3590 ri
259 3529 483 3590 Constitutionis
502 3531 532 3589 S.
551 3527 593 3587 Pii
615 3531 637 3588 V
660 3527 711 3591 Ad
727 3528 939 3609 eaequeudum,
956 3533 969 3590 l
989 3547 1057 3592 nov.
1078 3536 1173 3601 taur,
1242 3539 1243 3552 ¹

210 3631 278 3696 quaa
291 3615 322 3684 in
335 3615 391 3680 hoe
406 3633 466 3677 nnn
481 3614 536 3676 luit
550 3622 684 3676 revocata
701 3618 718 3682 a
732 3617 874 3700 Gregorio
886 3619 951 3684 xlll
965 3616 1051 3694 (Vide
1064 3617 1175 3696 Bouir,
