2486 3984
210 269 265 332 l58
426 279 563 328 utnulla
582 276 683 325 nonos
703 273 784 324 raars
804 275 952 323 caueam.
1003 273 1006 280 ·

209 389 278 444 sunt
301 379 516 462 Episcopatus,
542 376 786 457 Presbyteralus,
806 374 989 436 Diaronatus
1006 378 1037 436 et
1051 372 1191 436 Subdia-

209 477 344 531 conatus

253 582 268 617 o
290 557 455 620 Praescribit
469 553 686 640 Pontifieolout
702 551 861 615 ordinandi
872 551 1094 614 Eucharistiam
1109 555 1191 616 aoei-

210 670 225 711 a
249 649 347 730 piant;
372 646 424 709 sed
447 645 505 708 boc
524 664 586 708 non
611 643 667 706 sub
690 641 859 718 niortali...;
881 641 944 703 inid
967 660 1024 704 nec
1050 641 1108 704 sub
1130 643 1189 706 leri

211 759 225 796 o
249 743 389 811 tenentur
408 735 633 798 communicare
654 731 792 794 initiandi
813 729 851 792 ad
873 729 995 792 ordines
1010 731 1189 794 minores...

211 825 419 905 »Presbyteri
446 832 546 886 autem
572 823 671 886 reriirs
702 827 843 882 tenentur
873 819 1101 882 communicare
1130 822 1191 883 sub

212 938 227 976 u
252 914 386 990 mortali,
411 914 481 975 cbm
502 913 558 996 ipsi
572 914 641 975 vert
661 909 813 974 celebrent
834 927 906 970 cum
924 909 1085 991 Episcopo.
1106 932 1125 970 n
1144 911 1188 990 (S.

212 1004 348 1085 liguor,
364 1001 415 1066 lib.
432 1006 463 1081 6,
479 1011 512 1064 n⁰
527 1001 610 1083 801.)

670 1165 688 1246 §
707 1167 730 1226 l.

553 1299 597 1360 De
619 1296 848 1360 Subdiaconatu.

257 1451 344 1514 1696.
363 1446 611 1511 «subdiaconi...
631 1445 684 1508 dib
704 1445 826 1508 luerunt
839 1443 992 1507 minorum
1005 1443 1188 1508 clericorum

179 1525 183 1532 ⁴
217 1561 231 1600 a
256 1557 394 1616 numero,
404 1537 455 1600 sod
467 1535 861 1620 posteainLatinaldcelesid
872 1533 1036 1612 majoribus
1046 1536 1188 1618 adscripti

220 1653 231 1684 r
256 1635 340 1704 sunt;
361 1627 441 1710 quod
459 1626 570 1689 lactum
588 1624 704 1688 videtur
722 1622 883 1686 undecimo
902 1623 1043 1685 ucetestae
1058 1625 1187 1704 saeculo,

217 1741 231 1776 n
255 1717 377 1784 Urbano
391 1719 415 1777 ll
430 1715 585 1777 Pontifice.
606 1735 621 1772 a
639 1715 682 1775 Ita
700 1711 813 1789 Dcroti,
829 1711 881 1773 lib.
900 1714 929 1788 l,
948 1712 994 1774 tit.
1010 1715 1042 1790 2,
1058 1719 1132 1776 sect.
1158 1719 1186 1776 Ξ.

256 1809 323 1868 Duo
336 1806 455 1867 decreta
463 1803 573 1867 Urbani
590 1805 616 1865 ll
631 1801 800 1864 reseruntur
814 1800 852 1862 ab
874 1803 1030 1862 innocent.
1054 1804 1103 1870 ΠΙ,
1119 1821 1185 1885 rap.

218 1899 242 1958 Α
259 1895 369 1966 inultis,
386 1894 516 1955 docetote
528 1902 558 1953 et
574 1892 698 1974 qualit,
713 1898 786 1964 etc.,·
805 1891 888 1968 juxta
903 1890 1047 1970 primum,
1063 1891 1186 1954 subdie-
1233 1905 1234 1980 t

218 1989 343 2044 crinales
374 1981 472 2044 adbuc
504 1981 733 2064 computabatur
767 1980 844 2041 inter
879 1979 1012 2040 minores
1042 1980 1183 2063 ordines:

223 2093 237 2130 u
257 2071 363 2133 Nullus
381 2071 412 2132 in
436 2070 634 2152 Episcopum,
653 2070 709 2132 nisi
731 2069 762 2130 in
777 2068 867 2130 saeris
881 2067 1036 2130 ordinibus
1050 2071 1182 2152 religiost
1232 2039 1233 2118 i

219 2185 232 2220 o
257 2161 358 2223 virens
372 2161 510 2222 inventus
528 2161 634 2236 luerit,
650 2159 792 2239 eligatur,-
807 2175 908 2219 sacros
923 2157 1044 2218 ordines
1059 2159 1182 2222 dicimus
1231 2187 1232 2256 p

219 2273 233 2308 a
258 2250 453 2312 llinconutum
464 2256 493 2311 et
506 2249 759 2330 Presbyteratum,
770 2246 826 2308 hos
835 2245 984 2328 siquidem
994 2247 1074 2310 solos
1089 2251 1182 2331 primi·

220 2362 234 2399 n
259 2340 317 2400 tiva
330 2338 462 2402 Ecclesia
479 2339 586 2422 legitur
600 2338 750 2399 babuisse.
773 2358 788 2394 r
1230 2325 1231 2394 l

257 2425 344 2491 Juxta
366 2427 552 2506 secundum,
569 2426 807 2490 Subdiaconatus
824 2426 888 2504 jam
903 2429 1021 2487 evectus
1042 2425 1137 2489 luerat
1151 2427 1182 2490 ad
1229 2473 1230 2532 ,

221 2519 364 2598 maiorem
384 2517 547 2580 ordinem:
570 2518 680 2578 oGirm
695 2515 795 2592 hodie,
814 2514 927 2596 inquit,
952 2513 1183 2580 Subdiaconatus

220 2629 235 2666 a
260 2607 336 2669 inter
349 2625 449 2668 sacros
462 2605 583 2666 ordines
597 2611 799 2685 computetur,
815 2604 893 2665 sicut
906 2603 1044 2667 Urbanus
1058 2605 1137 2688 Papa
1150 2607 1181 2682 H,
1228 2605 1229 2672 l

220 2717 235 2755 a
259 2697 426 2777 expressit:
442 2693 638 2770 Erubescoot,
654 2703 710 2756 etc.
734 2715 749 2751 o
1227 2739 1228 2810 1

258 2784 567 2865 Thomassinus(part.
585 2781 678 2860 l,lib.
691 2785 721 2860 2,
737 2799 804 2862 cap.
820 2780 950 2858 santa
964 2785 1183 2867 atticumque

220 2877 311 2938 sentit
335 2876 527 2954 Vanldspen,
556 2872 621 2934 lraec
647 2870 709 2933 duo
730 2871 849 2933 decreta
875 2870 953 2932 inter
973 2889 1006 2933 se
1025 2875 1184 2954 pugnantia

221 2963 387 3038 admirans,
412 2961 532 3022 ascribit
560 2960 735 3023 Innocentio
758 2962 796 3021 lll
821 2960 1006 3022 evectionem
1029 2961 1185 3026 Subdiaoo

221 3055 308 3114 natus
323 3051 398 3111 inter
412 3051 541 3127 majores
554 3049 694 3128 ordines,
710 3047 763 3112 sed
776 3047 833 3110 boc
852 3049 1018 3110 auctoritati
1033 3049 1184 3132 ipsiusmet

221 3138 385 3202 Innocentii
404 3139 441 3198 lll
456 3136 649 3217 contradicit,
665 3139 716 3220 qui
735 3138 812 3200 banc
826 3136 1010 3200 evectionem
1028 3139 1185 3203 Urbanoll
1222 3195 1223 3198 ,

222 3227 364 3290 attribuit.
380 3225 454 3287 l'ide
469 3227 569 3288 Deroti
587 3227 652 3304 (ib,
668 3235 738 3290 nota
753 3231 804 3304 1⁴).

262 3319 350 3378 1697.
378 3313 641 3378 oSubdioeoootus
665 3324 708 3378 est
738 3315 806 3378 ordo
838 3335 894 3398 quo
924 3317 1078 3397 conseruo·
1099 3317 1183 3380 elicui

222 3423 238 3464 a
261 3402 393 3486 specialis
403 3413 529 3485 potestas
552 3405 684 3467 inmisso
698 3405 817 3467 solemni
830 3405 1006 3468 insaniendi
1021 3407 1146 3468 Dioeoao
1159 3418 1183 3469 et

222 3513 238 3552 o
261 3493 430 3556 solemniter
440 3492 560 3554 canendi
572 3493 776 3575 Epistularum
791 3497 834 3571 (S.
852 3495 986 3576 Ligaun,
998 3494 1050 3556 lib.
1065 3499 1096 3570 6,
1107 3499 1183 3574 633.)

266 3603 282 3640 o
304 3581 348 3643 ld
362 3582 590 3644 similitudinem
604 3583 726 3644 Diaconi
741 3583 962 3665 etpresbyteri,
981 3581 1182 3647 Subdiaconus
1207 3627 1208 3630 κ

225 3691 239 3728 o
263 3667 353 3733 debet
367 3671 584 3736 oonbnontiam
597 3671 765 3751 observare,
781 3671 860 3736 siout
872 3677 918 3735 est
929 3671 962 3736 ia
974 3675 1057 3736 sexta
1068 3673 1181 3756 synodo
