2486 3984
437 257 523 314 mua
543 259 662 308 ramus.
979 246 1036 308 1111
1070 215 1071 230 ’

96 385 136 443 'l’
152 375 327 441 eblulierea
339 371 483 436 violentas
497 369 682 455 regularium
695 370 832 436 virorum
849 369 1033 446 clausuram,

52 493 71 532 a
97 477 133 532 et
146 468 328 546 Superiores
342 463 450 527 aliosve
469 481 519 526 eus
534 462 737 526 admittentes.

97 563 138 623 8·
169 581 185 618 a
207 557 285 618 ileos
305 555 442 617 simonia
460 553 551 617 realis
571 553 604 616 ia
624 551 780 614 beneficiis
792 548 1038 634 quibuscumque

53 673 71 712 s
98 655 133 712 et
148 665 254 711 eorum
266 645 442 722 complices.
465 666 481 704 a

96 739 171 804 Non
185 737 320 818 loquitur
334 735 470 800 Pontifex
484 733 523 797 de
534 732 663 796 simonia
674 730 837 794 commissa
850 730 882 794 iu
896 729 1037 795 ordinum

53 829 239 896 collatione.
253 829 367 890 Revera
382 842 526 888 censuras
537 843 554 886 a
567 824 634 905 jura
648 841 714 902 rpso
729 823 806 885 lactu
820 822 906 896 latas,
921 819 1036 884 concil.

52 919 201 986 Trident.
217 917 250 979 in
264 935 320 979 sue
332 919 436 996 vigore
452 933 507 996 pru
527 913 585 976 isto
609 931 681 976 casu
703 919 870 984 conservat,
893 912 945 974 sed
965 927 1037 974 eum

54 1030 113 1076 eas
130 1007 255 1092 proprie
270 1013 460 1078 senatulum,
476 1005 555 1080 ideo,
564 1003 649 1086 iuxta
665 1002 819 1072 anamim.
830 1009 1038 1084 controquea-

53 1103 136 1164 dam
151 1097 240 1170 alios,
256 1113 317 1159 uon
330 1103 402 1157 sunt
414 1093 591 1158 habendaea
612 1094 663 1155 Pio
678 1093 717 1154 lx
730 1098 864 1154 servulae.

100 1197 141 1246 ⁶⁰
164 1206 182 1244 a
203 1183 430 1246 Reossimoniae
451 1177 672 1244 confidentialis
696 1178 728 1242 iu
742 1177 898 1242 benefieiis
911 1181 1033 1262 quibus·

55 1295 73 1333 a
102 1271 181 1334 libet
191 1273 411 1352 cujuscumque
425 1271 484 1333 sint
498 1267 662 1352 dignitatis.

102 1366 159 1425 10ο
178 1381 195 1421 a
216 1363 293 1424 Rana
307 1363 445 1424 simoniae
458 1359 545 1422 realis
558 1359 598 1421 ob
612 1361 783 1439 ingressum
797 1358 829 1420 in
841 1359 1034 1440 religionem.

101 1454 158 1512 tl·
182 1472 199 1509 u
219 1452 332 1514 Omnes
356 1453 408 1531 qui
431 1459 580 1532 quaestum
605 1448 746 1508 tumentes
774 1467 812 1510 ex
841 1451 1039 1530 indulgentiis

54 1564 72 1600 a
100 1540 348 1622 aliisquagratiis
362 1538 566 1620 spiritualibus
577 1537 1038 1602 excommunicationiseensura

55 1653 72 1688 1
102 1627 283 1711 plectuntur
309 1629 529 1692 Constitutione
555 1627 586 1690 S.
616 1624 662 1686 Pii
690 1627 714 1687 V
737 1625 831 1701 Quum
857 1627 992 1708 plenum,
1022 1633 1041 1691 1

57 1741 74 1778 a
101 1718 238 1798 januarii
256 1721 345 1782 1510.

104 1811 161 1870 12⁰
177 1829 195 1868 a
214 1809 397 1890 Colligentes
405 1806 609 1889 eleemosynas
625 1807 748 1889 majoris
763 1804 847 1888 pretii
865 1804 1038 1886 promissis,

55 1921 72 1960 u
102 1905 181 1960 etex
192 1897 227 1958 iis
236 1897 357 1962 lucrum
372 1903 537 1978 captantes,
549 1896 686 1959 laniendo
696 1917 746 1960 eas
756 1897 903 1961 celebrari
919 1897 951 1958 in
968 1897 1042 1960 locis

55 2013 74 2048 u
103 1986 162 2047 ubi
177 1985 336 2050 missarum
350 1986 499 2070 stipendia
515 1986 640 2048 minoris
655 1987 742 2068 prelii
757 2005 823 2050 esse
838 1987 947 2048 soleat.

105 2079 164 2139 130
180 2097 196 2136 a
215 2075 1041 2157 OmnesquiexeommuniuationemulctanturinCons-

53 2191 71 2229 u
103 2165 300 2228 titutionibns
314 2167 345 2228 S.
363 2166 406 2228 Pii
420 2167 456 2239 V,
474 2161 618 2226 Admonet
638 2185 704 2244 noa,
722 2167 761 2229 lv
777 2167 925 2230 Kalendas
939 2167 1044 2249 aprilis

53 2283 70 2320 u
103 2259 208 2320 1567:
233 2255 401 2318 innocentii
424 2255 484 2330 iX,
502 2261 573 2332 Quae
593 2255 807 2332 1611118111,
830 2257 925 2342 pridie
941 2260 1043 2320 Nonas

53 2373 70 2410 a
102 2343 283 2408 novembris
297 2346 391 2422 {5913
408 2343 569 2408 Clementis
583 2345 667 2422 vlit,
684 2345 733 2409 Ad
747 2345 872 2408 Romani
885 2346 1043 2428 Pontifices

55 2461 72 2499 ι
96 2453 228 2508 curem,
248 2437 286 2497 16
304 2433 381 2512 iunii
401 2437 496 2510 astla,
513 2441 543 2498 et
559 2436 717 2497 Alexandri
733 2435 804 2513 Vll,
830 2437 911 2498 lnter
924 2447 1044 2500 craterus

55 2549 73 2588 a
103 2527 199 2588 Noun
213 2523 361 2585 Kalendas
375 2525 546 2586 novembris
562 2528 650 2601 1660,
673 2526 882 2588 alienationem
898 2535 926 2586 11
946 2527 1043 2589 inleu-

56 2639 74 2676 1
101 2615 264 2677 dationem
280 2614 435 2676 civitatum
449 2623 478 2676 et
492 2616 628 2678 locorum
643 2617 674 2678 S.
693 2616 728 2676 R.
744 2615 780 2677 E.
797 2615 1040 2696 respicientibus.

105 2705 161 2767 {4⁰
184 2723 201 2762 u
221 2704 388 2784 Religiosos
409 2715 626 2784 presumentes
647 2703 764 2766 clericis
779 2711 830 2767 aut
853 2703 934 2766 laicis
958 2711 1041 2768 extra

59 2819 76 2856 a
103 2811 215 2857 casum
227 2791 974 2856 necessitatissacramentnmExtrema-Unctionis
987 2803 1040 2858 aut

58 2909 75 2944 a
104 2882 306 2944 Eucharistiae
334 2899 387 2963 per
414 2881 563 2946 viaticum
589 2884 761 2945 ministrare
780 2882 895 2964 absque
917 2883 1041 2964 parochi

58 2997 76 3034 a
105 2971 245 3034 licentia.

106 3065 163 3126 la·
188 3058 420 3124 «Extrabenles
442 3063 557 3145 absque
578 3061 715 3143 legitima
734 3061 821 3125 venia
844 3063 986 3146 reliquias
1005 3084 1042 3130 ex

59 3175 76 3212 a
103 3151 204 3214 sacris
216 3151 398 3213 ooerneteriis
411 3153 473 3214 siva
488 3153 672 3216 catacumbis
695 3152 778 3216 urbis
794 3155 897 3217 Romae
914 3155 1042 3237 ejusque

58 3265 75 3301 a
103 3240 260 3314 territorii,
276 3240 379 3320 eisque
394 3242 539 3304 auxilium
561 3243 606 3304 vel
627 3243 759 3306 savorem
775 3245 956 3324 prebentes.

107 3333 163 3392 16·
178 3350 195 3388 1
215 3329 482 3404 communicantes
499 3349 569 3393 eum
587 3335 850 3395 excommunicato
866 3333 1044 3397 nominatim

61 3444 76 3480 ι
104 3422 222 3501 aPapa
249 3419 421 3481 incrimine
444 3420 622 3498 nimione,
647 3423 677 3484 ei
697 3423 811 3486 scilicet
835 3421 1040 3504 impendenda

63 3532 78 3572 ι
103 3505 319 3573 auxiliumvel
332 3508 475 3571 favorem.
497 3529 514 3569 r

97 3699 124 3756 1.
135 3699 204 3753 Sur.
218 3697 258 3760 11,
272 3711 294 3750 a.
306 3699 329 3760 1,
344 3695 372 3750 dr
383 3697 485 3762 retem
