2522 4028
162 273 221 336 260
388 289 527 336 annuam
547 286 649 336 rorms
668 287 751 334 tunsa
771 286 921 335 arnamar.

164 412 178 450 a
203 389 302 468 legere
323 387 391 468 (seu
410 387 587 470 intelligere)
604 387 739 470 linguam
761 387 887 451 latinam
909 391 1084 464 etmanere,
1106 401 1142 448 ao

164 501 179 538 a
202 495 237 541 ea
248 495 317 559 quae
332 479 484 558 pertinent
496 477 533 539 ad
546 477 764 540 sacrificium...
941 473 945 478 '

205 589 219 626 a
238 565 402 628 Difficultas
415 583 453 628 an
465 565 545 626 idem
559 565 617 627 dici
628 565 721 626 valeat
732 581 786 647 pro
800 565 985 646 religiosis...
1001 565 1053 646 qui
1070 569 1148 628 sunt

165 676 181 716 a
204 654 242 717 ad
256 655 347 716 vitarn
358 655 483 718 activam
496 653 657 714 destinati?
673 657 787 736 Negant
798 653 980 731 ledesma..;
997 655 1048 716 sed
1060 672 1149 716 com-

166 741 181 804 a‘
206 744 384 806 manissime
408 743 558 804 affirmant
576 742 747 804 Salnrant...
769 743 855 804 Ratio
875 742 947 823 quia
960 743 983 802 si
999 743 1056 803 alia
1070 745 1148 819 (ne-

154 839 182 891 'a
207 832 347 908 cessaria)
364 833 513 912 ignorent.
525 839 650 912 possunt
661 838 763 912 postea
776 850 814 892 ex
824 831 886 892 suis
899 849 934 892 ea
948 831 1117 892 addiscere.
1128 853 1146 890 a

169 923 199 982 S.
213 921 348 1002 lignos,
360 919 411 979 lib.
420 923 450 995 6,
463 922 496 979 n⁰
506 919 752 981 79t.Videetiam
762 921 798 981 D.
812 919 919 996 Bouix,
930 919 975 982 De
984 919 1150 1000 Episcopo,

168 1018 245 1071 tom.
261 1013 291 1085 2,
307 1027 336 1090 p.
357 1011 425 1069 210.

209 1101 297 1160 205l.
314 1129 354 1142 -
368 1098 403 1158 ll.
428 1095 527 1173 Orcaud
544 1096 788 1178 proclamationes
810 1095 1059 1174 ordinandarum,
1079 1095 1154 1159 lraeo

170 1186 271 1248 statuit
282 1184 427 1254 Trident.,
449 1203 522 1246 sess.
539 1189 589 1260 23,
605 1203 633 1246 o.
650 1190 680 1259 5,
695 1184 730 1245 de
748 1185 820 1264 rcfc
842 1207 857 1243 o
875 1185 931 1256 Qui
952 1185 989 1246 ad
1009 1184 1155 1265 singulos

170 1297 185 1333 a
211 1275 340 1350 majores
360 1273 505 1351 (ordines)
525 1281 613 1336 erunt
635 1265 829 1344 assumendi,
845 1291 898 1354 par
920 1291 1054 1335 mensem
1076 1279 1155 1334 ante

69 1389 74 1400 ·
171 1385 185 1422 o
210 1363 443 1438 ordinationem,
460 1364 642 1444 Episcopum
653 1362 777 1438 adeant,
787 1363 837 1442 qui
850 1361 984 1442 parocho
997 1371 1047 1424 aut
1061 1361 1153 1423 alteri

171 1473 186 1512 a
211 1453 259 1514 cui
280 1452 375 1532 magis
389 1451 530 1532 expedire
543 1451 692 1512 videbitur
705 1499 713 1527 ,
728 1451 894 1512 committat
909 1458 954 1526 nt,
971 1450 1157 1514 nominibus

172 1563 186 1602 a
212 1559 247 1602 ac
268 1540 417 1602 desideria
439 1558 545 1603 eorum
575 1540 627 1621 qui
649 1540 753 1601 volunt
776 1539 944 1620 promoveri
970 1539 1088 1620 publice
1120 1539 1156 1602 in

172 1651 187 1688 n
212 1629 338 1692 ecolesit
353 1629 523 1710 propositis,
534 1628 572 1688 de
584 1629 717 1708 ipsorum
733 1627 970 1689 ordinandorum
988 1627 1157 1706 nataliono,

173 1741 188 1776 a
213 1726 310 1791 aetate,
326 1717 462 1779 moribus
475 1724 505 1776 et
518 1718 576 1777 vita
590 1719 608 1777 a
621 1716 680 1778 fide
698 1716 799 1797 dignis
818 1716 977 1797 diligenter
992 1717 1130 1797 inquirat
1149 1739 1158 1778 ε

173 1829 188 1864 a
213 1814 243 1868 ct
257 1807 369 1868 litteras
383 1805 596 1866 testimoniales
608 1805 703 1885 ipsam
719 1805 944 1886 inquisitionem
959 1805 1065 1866 laetam
1078 1823 1161 1866 con-

174 1918 189 1954 a
214 1897 343 1957 tinentas
361 1893 398 1956 ad
424 1893 522 1974 ipsum
546 1894 729 1974 Episcopum
749 1893 978 1975 quamprimum
996 1895 1160 1956 transmit-

174 2006 189 2042 a
214 1989 264 2045 tat.
288 2006 303 2042 n

209 2076 304 2150 2052.
325 2073 427 2134 «Haec
440 2071 621 2153 publicatio,
638 2071 737 2152 inquit
750 2077 854 2133 auctor
872 2069 1008 2134 Prcelect.
1025 2069 1061 2132 S.
1077 2071 1160 2134 Sul-

175 2184 190 2219 a
211 2159 485 2243 pit.,n0300,f1ori
501 2159 589 2220 debet
600 2161 629 2220 in
646 2161 713 2221 loco
728 2159 1158 2240 nativitatisordinandorum,

175 2270 191 2308 a
216 2257 246 2310 et
262 2250 292 2310 in
306 2267 343 2310 co
355 2249 420 2310 loco
434 2247 484 2310 ubi
501 2256 655 2333 parentes,
672 2248 776 2309 saltem
796 2249 834 2310 ab
853 2267 946 2325 anno,
961 2247 1159 2312 domicilium

175 2357 192 2397 a
215 2337 336 2399 habent.
364 2339 393 2399 Si
417 2337 545 2400 clericus
566 2337 668 2398 sedem
691 2336 863 2416 (domicilii)
887 2339 1063 2408 mutaverit,
1085 2337 1158 2400 lieri

175 2447 192 2484 a
217 2425 314 2489 adhuc
341 2425 432 2490 debat
453 2425 504 2487 ubi
528 2425 674 2506 plurimos
697 2443 793 2486 annos
814 2435 1018 2488 commoratus
1039 2425 1157 2505 luerit,

176 2534 193 2574 a
214 2515 300 2594 juxta
315 2516 520 2596 praescriptum
535 2514 658 2575 Constit.
675 2515 779 2576 innoc.
797 2516 860 2591 Xll,
875 2513 1087 2596 Speculatores.
1104 2537 1121 2573 ι)

217 2607 306 2666 2053.
331 2603 490 2664 Praelatnm
514 2609 656 2664 statutum
672 2603 785 2664 Concil.
807 2603 942 2664 Trident.
965 2605 995 2663 in
1014 2603 1159 2666 desuetu-

178 2691 278 2754 dinem
294 2691 449 2754 derenisse
463 2690 566 2754 asserit
581 2692 616 2750 D.
634 2689 777 2771 Phillipps
790 2710 881 2772 opere
893 2693 955 2770 jarn
970 2693 1071 2767 citato,
1083 2699 1104 2752 t.
1124 2698 1156 2769 t,

176 2801 209 2862 p.
227 2785 295 2844 302.
316 2781 494 2842 Observatur
514 2787 612 2840 tamen
635 2779 664 2839 in
680 2779 816 2858 pluribus
836 2780 938 2841 Galliae
952 2779 1155 2850 dioeaesilrus,

179 2877 209 2931 et
228 2869 402 2930 innovatum
422 2867 478 2930 suit
497 2867 527 2928 in
552 2866 664 2928 recenti
688 2867 821 2928 Corrailio
844 2869 1054 2931 Arrenioniensi
1080 2870 1154 2930 anni

182 2961 278 3034 tata,
291 2957 342 3019 sed
360 2961 476 3020 tantum
492 2957 550 3017 unci
570 2957 628 3018 oisc
639 2973 695 3036 pro
714 2955 920 3017 subdiaconatu
934 2967 962 3017 et
979 2957 1078 3018 altcrd
1097 2977 1157 3040 pro

177 3045 400 3128 presbyteratu:
416 3045 489 3107 nihil
504 3045 575 3105 verd
590 3045 754 3106 eonsilium
769 3046 903 3126 praeaipit
914 3064 967 3126 pro
980 3045 1153 3108 diaconatu.

180 3134 255 3196 Vide
276 3144 339 3196 acta
353 3138 418 3215 ejus
433 3133 568 3208 Concilii,
585 3151 614 3214 p.
630 3137 679 3193 62.

220 3224 473 3286 Proclamationes
494 3239 554 3282 non
573 3227 643 3281 sunt
664 3219 809 3284 faciendae
822 3241 878 3303 pro
896 3223 1066 3286 minoribns
1078 3223 1157 3286 ordi·

182 3312 290 3389 nibus;
306 3313 357 3374 sed
372 3312 409 3372 ad
428 3310 482 3370 hos
500 3309 621 3371 ordines
635 3311 841 3390 promovendi,
859 3311 1005 3372 bonumir
1024 3312 1158 3393 parocho

184 3405 246 3463 eta
272 3400 422 3480 magistris
445 3398 572 3470 sclrolae,
602 3399 631 3456 in
661 3403 720 3476 qut
744 3399 921 3475 educantur,
947 3402 1157 3464 testimonium

185 3488 294 3550 habere
304 3488 426 3565 debent,
441 3505 479 3548 cx
492 3486 603 3548 Concil.
620 3485 767 3563 Trident.,
783 3506 855 3549 sess.
872 3491 922 3565 23,
938 3505 1005 3570 cap.
1020 3494 1051 3552 5.
