2534 3996
482 201 571 250 arara
592 204 711 250 ramus.
1024 191 1080 256 391

154 300 348 382 incompletos
360 307 406 363 est
428 304 528 363 Status
548 301 705 378 religiosus
726 301 817 365 modii
839 301 999 380 delinitus;
1014 325 1085 368 eom

113 389 211 473 pletas
224 394 294 451 vern
308 399 369 453 est:
390 414 404 450 o
419 390 565 453 Fidelium
579 389 740 453 addicitur
757 391 913 453 eharitatis
924 393 1087 473 perfeetio-

116 500 131 538 a
156 499 219 540 nem
242 480 439 554 tendentium,
454 478 542 541 editis
558 479 630 540 uotis
640 487 790 562 perpetuae
800 481 1005 561 paupertatis,
1025 504 1087 547 eus·

118 589 134 628 n
159 569 256 628 titulis
270 578 298 629 et
317 568 507 640 obedieutiae,
523 567 640 628 stabilis
654 568 685 628 in
698 570 843 630 communi
861 569 976 631 uiuendi
992 573 1089 636 motas

117 656 194 716 aab
216 657 347 718 Ecclesirl
369 656 554 738 approbetur.
578 677 593 714 u
613 657 670 732 lla,
690 675 738 738 ap.
762 658 793 720 S.
820 657 941 738 Liguor.
964 659 1027 736 (lib.
1051 664 1085 737 l,

120 752 153 806 n·
168 748 206 818 ll.
223 745 366 817 Quaedam
379 745 469 807 verba
490 745 608 808 tantum
622 743 653 805 in
666 743 724 808 htc
735 743 912 810 delinitione
925 757 1088 830 supersunt

121 833 307 914 mfflmMa

159 927 247 984 aluo.
261 924 374 986 Dicitur
384 925 415 986 {⁰
429 922 533 987 Editis
546 923 621 986 rotis
633 929 781 1006 perpetue
790 929 987 1006 paupertatis,
999 929 1089 992 caru·

124 1011 404 1074 totr'retoteutenttoe
413 1033 425 1074 .·
440 1013 612 1092 quia‚juxta
622 1030 728 1074 omnes
741 1013 923 1086 canonistas,
935 1033 996 1077 non
1008 1015 1091 1079 intel·

121 1098 222 1181 ligitur
231 1103 332 1163 Status
344 1101 500 1181 religiosus
513 1101 682 1181 completus
697 1101 751 1162 nisi
767 1102 797 1162 in
807 1120 844 1162 eo
858 1101 997 1165 tendatur
1009 1123 1092 1168 corn-

121 1189 201 1271 plrte
232 1190 269 1252 ad
300 1190 527 1270 acquisitionem
556 1188 770 1270 perfectionis;
799 1190 852 1252 scd
882 1198 914 1252 ut
940 1194 1090 1274 complete

121 1278 261 1341 tendatur
274 1280 311 1340 ad
332 1279 409 1340 hanc
423 1277 663 1357 acquisitionem,
679 1277 840 1359 requiritur
853 1286 886 1341 ut
897 1291 1092 1345 exerceantur

122 1368 177 1428 tria
203 1368 326 1429 consilia
353 1367 541 1446 evangelica,
570 1365 707 1426 videlicet
730 1373 908 1447 paupertas,
924 1370 1044 1432 castitas
1063 1377 1091 1434 at

123 1455 310 1533 obedientia3
333 1475 386 1538 per
405 1457 494 1518 trium
515 1455 597 1515 enim
621 1455 740 1516 illorum
762 1457 877 1535 praxim
901 1467 1089 1522 removentur

124 1546 226 1608 omnia
247 1565 315 1626 quae
342 1545 439 1606 solent
471 1543 608 1604 homines
637 1543 674 1604 ab
699 1561 802 1604 amore
832 1543 885 1605 Dei
910 1553 1041 1609 avertere
1062 1553 1091 1612 et,

126 1642 268 1698 creatura
289 1634 464 1696 devincire:
487 1631 565 1694 bona
587 1638 709 1693 esterna
733 1647 859 1711 nempe,
882 1630 1091 1700 delectationes

125 1722 279 1785 sensibiles
292 1733 322 1785 et
335 1723 466 1784 adhaesio
480 1722 602 1802 proprio
616 1719 717 1781 sensui
731 1728 761 1781 et
773 1719 917 1782 voluntati
929 1741 939 1796 ;
953 1723 1092 1786 eximitur

125 1813 215 1874 etiam
238 1829 347 1875 vorens
366 1811 404 1872 ali
418 1812 454 1871 iis
468 1808 719 1871 sollicitudinibus
732 1827 801 1889 quaa
823 1815 957 1870 mentem
977 1818 1094 1891 pertur-

125 1899 269 1978 bant,cor
282 1900 417 1962 dividunt
431 1907 461 1961 et
476 1899 642 1980 impediunt
657 1897 693 1959 ad
709 1897 923 1979 perlectionem
936 1897 1092 1963 devenire:

126 1991 381 2053 administratione
397 1988 533 2050 videlicet
553 1987 721 2064 bonorum,
742 1985 862 2048 iamiliae
884 1990 957 2050 curt
975 1993 1007 2050 et
1024 2007 1094 2071 pro·

127 2080 261 2160 priorum
290 2079 444 2141 actionum
475 2075 670 2158 dispositione
697 2082 728 2138 et
756 2075 912 2137 electione.
941 2077 1020 2158 Ergo
1045 2076 1093 2140 edi

127 2168 237 2230 debent
252 2177 320 2230 rota
338 2168 416 2230 circa
431 2166 496 2228 haec
516 2165 572 2228 tria
584 2163 708 2227 consilia
724 2182 732 2224 :
755 2181 816 2226 non
838 2161 947 2226 sufficit
963 2165 1045 2228 enim
1061 2173 1096 2230 ut

127 2264 323 2320 exerceantur
344 2257 409 2318 sine
423 2264 507 2332 roto,
528 2255 599 2335 quia
614 2262 685 2315 tunc
698 2259 792 2314 emtus
806 2271 867 2314 non
887 2261 963 2316 esset
977 2273 1094 2336 perma-

129 2365 221 2422 nens3
241 2345 294 2408 sed
315 2345 423 2408 sufficit
442 2341 525 2426 quod
546 2341 611 2406 haec
627 2343 685 2403 tria
705 2349 868 2404 noscantur
897 2360 906 2404 ι
930 2344 1002 2423 quia
1020 2343 1093 2418 etsi,

129 2444 237 2517 praeter
254 2452 302 2511 ea,
323 2435 384 2495 sint
402 2434 496 2496 multa
516 2431 575 2494 alia
594 2429 734 2507 consilia,
757 2438 888 2492 attamen
911 2449 965 2511 per
987 2431 1095 2494 horum

129 2526 221 2588 trium
247 2523 441 2597 exercitium,
455 2521 585 2596 quedam
609 2518 714 2582 morali
738 2518 976 2590 neoessitudine,
990 2531 1095 2582 caetera

128 2612 218 2674 etiam
230 2611 315 2672 tacite
326 2619 444 2690 etsaepe
454 2619 654 2674 exercentur:
665 2629 695 2673 v.
709 2629 754 2691 g„
768 2627 824 2691 per
834 2616 940 2671 uotum
954 2610 1095 2670 castitatis

130 2717 192 2762 non
203 2701 319 2762 tantum
329 2701 420 2762 homo
432 2703 578 2762 excitatur
587 2703 623 2763 ad
635 2700 848 2763 abstinendum
858 2697 1030 2770 itenereis,
1044 2695 1095 2757 sed

130 2785 1009 2870 etiamabaliissensilrilibusintempe1·anliae,v.g.,luxus,
1022 2798 1095 2860 etc„

131 2877 387 2948 rlrlectationibus,
401 2880 471 2941 oiim
495 2878 568 2939 aliis
580 2879 610 2939 in
632 2888 696 2939 tuto
711 2895 771 2939 non
785 2891 863 2940 esset
877 2878 1006 2940 castitas,
1021 2877 1095 2938 ltern

132 2985 185 3048 por
200 2979 302 3030 votum
319 2967 500 3048 paupertatis
511 2979 540 3028 et
553 2967 745 3042 obedientia,
757 2986 818 3028 non
829 2967 928 3030 solum
940 2966 978 3027 ab
993 2983 1097 3028 amore

131 3055 300 3137 periculoso
312 3057 480 3118 divitiarum
497 3065 526 3118 et
541 3056 794 3137 independamus,
809 3057 861 3118 sed
876 3059 893 3117 ir
908 3073 985 3118 vano
999 3073 1095 3136 appe·

130 3153 184 3207 tatu
198 3145 329 3218 honrrris,
346 3148 610 3226 supereminentias
623 3155 652 3207 et
666 3147 845 3227 dignitatum
861 3145 950 3208 etiam
967 3162 1095 3222 praeser-

128 3251 225 3308 vatur,
238 3243 294 3296 etc.
311 3237 400 3314 (Vide
417 3237 522 3310 Bouix,
538 3239 580 3299 tie
597 3237 717 3318 Requi,
731 3247 804 3300 tom.
824 3240 852 3308 l,
868 3256 898 3317 p.
915 3233 1037 3314 :tt-tt.)

168 3329 257 3386 eust.
275 3327 385 3386 Suarur
398 3333 498 3386 tamen
516 3337 595 3405 putat
610 3329 715 3388 adesse
728 3325 889 3388 essentiam
912 3328 1011 3386 Status
1027 3323 1096 3386 reli-

126 3413 203 3496 pios:
220 3413 340 3495 proprie
354 3417 424 3476 dicti
437 3434 507 3478 cum
521 3419 612 3478 sotius
623 3426 691 3478 roto
707 3417 851 3478 castitatis
861 3413 1041 3495 conjugalis,
1058 3416 1098 3478 ila

128 3517 162 3566 ut
179 3515 329 3565 rorrraneat
344 3505 444 3567 Status
454 3505 610 3588 religiosus
620 3507 882 3586 completuscasu
896 3522 958 3584 quo
969 3505 1001 3565 S.
1016 3504 1096 3566 Pon-

128 3591 197 3654 tiier
214 3593 345 3674 aliquem
361 3593 546 3668 dispensaret
561 3611 597 3657 ex
612 3603 721 3663 nartea
731 3602 799 3658 voto
814 3593 941 3656 solemni
957 3591 1097 3654 eastitatis

246 3715 277 3766 d.
298 3717 334 3765 u.
978 3704 1016 3763 12
