2522 3992
475 223 558 268 ussa
573 223 690 270 carnus.
1012 205 1070 267 199

103 319 466 402 liumnequrantalicnari
475 321 588 404 absque
596 322 681 386 Sedis
689 320 1070 404 Apostolicaebeneplacito.

106 407 179 472 Vide
192 409 328 472 decisum
350 413 367 472 a
381 412 413 473 S.
430 411 607 492 Congregat.
624 409 755 488 Concil,
772 429 820 493 ap.
843 409 986 473 Analecta
1000 409 1070 490 (ila,

102 497 162 561 cul.
179 501 281 576 1616);
298 499 351 561 sed
364 499 406 564 ita
418 499 557 563 collocari
570 499 683 563 debent
695 507 729 562 ut
740 499 891 581 frugifera
905 499 1073 562 adiciantur

103 585 204 665 (itta,
218 587 276 650 col.
294 587 397 668 1519).

144 679 232 740 2738.
255 680 289 738 ln
303 678 395 740 Gallio
409 683 439 741 et
452 677 556 760 Belgio
568 677 657 742 hodie
675 698 737 742 non
752 677 910 761 stipulatur
922 696 978 760 pro
990 676 1071 752 dote,

103 763 174 846 quia
188 765 227 826 ibi
243 765 290 828 len
309 767 404 829 civilis
416 767 509 830 dotem
529 769 702 850 religiosam
722 787 784 830 non
802 766 1006 848 recognoscit,
1021 765 1073 829 sed

103 871 160 936 pro
172 855 390 918 sustentatione.
405 857 512 930 Bonis,
529 856 615 932 ibid„
631 878 662 940 p.
677 861 748 920 665.

149 941 194 1004 Ito
223 959 286 1025 quo
312 945 359 1008 sia
378 944 467 1008 habet
498 947 534 1010 b.
564 947 707 1010 Calmette
733 946 798 1029 (Tr.
822 945 857 1007 de
881 945 1071 1008 l’adrninr'str.

103 1029 153 1094 dee
168 1032 389 1098 Canmanoate's
403 1036 506 1117 relig„
522 1055 552 1118 p.
569 1041 618 1115 35)
635 1057 642 1097 :
667 1035 847 1098 «plusieurs
860 1035 1075 1098 contestatione

104 1143 119 1183 r
144 1140 176 1184 se
190 1129 258 1184 sont
271 1123 386 1187 eleates
400 1145 452 1187 sur
466 1125 494 1186 la
506 1125 623 1188 validite
632 1125 673 1188 du
688 1131 804 1188 contrat
817 1123 869 1206 qui
884 1123 1072 1186 intervienta

103 1233 119 1270 n
144 1213 404 1278 cetleoccasion...
418 1213 492 1276 Mais
502 1213 530 1275 la
538 1214 767 1296 iurisprudence
777 1232 794 1274 a
806 1215 942 1292 toujours
955 1231 994 1274 vu
1004 1232 1075 1276 avec

103 1321 119 1359 r
144 1301 261 1378 raison,
276 1301 353 1364 dans
365 1302 404 1365 de
417 1301 500 1364 telles
513 1302 728 1378 conventinus,
744 1321 787 1366 un
804 1309 921 1364 contrat
933 1320 1073 1363 commu-

104 1412 120 1448 n
144 1389 211 1451 tatii
215 1437 222 1467 ,
234 1396 264 1452 et
272 1389 362 1466 elles,
375 1410 413 1454 en
424 1391 798 1473 oonse'quence,1·epoussd
806 1407 856 1452 ces
864 1391 1070 1471 pretendens»

106 1481 154 1556 (ex
175 1485 259 1560 parte
276 1498 388 1562 nempe
405 1480 561 1543 haeredum
579 1480 732 1562 repetendi
750 1479 852 1542 dotem
866 1485 1011 1560 tanquam
1024 1479 1075 1540 do

108 1567 298 1632 nationemb
324 1567 389 1651 lege
410 1569 613 1652 prohibitam).
644 1592 659 1628 c
681 1569 763 1629 Ainsi
784 1567 857 1649 juge
876 1585 929 1648 par
950 1567 978 1628 la
1000 1585 1075 1629 cour

106 1678 121 1713 r
146 1655 245 1738 royale
258 1658 385 1740 d’dgen.
399 1659 582 1720 Arretdutt
597 1676 677 1720 mars
692 1659 769 1719 1836
783 1677 813 1717 n:
826 1655 908 1738 quod
915 1656 953 1717 ab
967 1655 1072 1718 eodem

105 1750 226 1808 auctore
239 1747 367 1810 retertur
380 1765 417 1809 ex
431 1754 534 1829 parte,
550 1745 670 1809 itidem.

144 1838 231 1898 2739.
249 1837 369 1909 Quaerit.
384 1836 843 1912 dnblonialibm,bmonasterio
853 1833 1075 1916 egredientibus

105 1923 131 1984 vi
146 1922 285 2005 legitimas
298 1925 541 2007 dispensationis,
555 1925 610 1986 dos
624 1926 663 1986 sit
677 1924 884 1986 restituenda?

144 2015 233 2096 Resp.
251 2016 282 2077 Si
293 2019 362 2078 vota
375 2013 435 2076 sint
442 2013 607 2094 simplicia,
622 2013 677 2076 dos
691 2013 722 2076 in
737 2032 807 2076 casu
822 2019 867 2075 est
880 2012 1072 2076 restituenda.

104 2105 146 2164 lta
173 2103 205 2165 S.
227 2103 260 2166 G.
285 2103 391 2179 donc,
415 2104 447 2165 in
471 2107 562 2166 causa
584 2103 708 2166 civitatis
729 2103 916 2165 Castellaaoe.
939 2105 1073 2184 AEquum

105 2195 205 2253 tamen
219 2191 334 2254 ridetur
353 2199 387 2254 ut
400 2191 502 2275 aliqua
515 2210 584 2273 pars
599 2191 676 2254 dotis
691 2192 878 2274 relinquatur
893 2192 1074 2254 monasterio

106 2279 136 2341 in
162 2281 441 2363 compensat-ionem
462 2299 664 2364 expensarum
691 2299 746 2362 pro
773 2280 989 2344 sustentatione
1017 2281 1075 2344 fac

105 2375 215 2432 tarum.

143 2460 173 2520 Si
188 2459 259 2522 rard
272 2465 338 2523 vota
351 2466 453 2523 essent
465 2457 623 2536 solemnia,
638 2458 694 2520 dos
708 2477 769 2521 non
781 2463 859 2522 esset
872 2463 1072 2521 restituenda:

102 2551 174 2609 cirin
188 2567 242 2630 per·
260 2547 475 2630 professionem
498 2549 665 2610 solemnem
687 2547 768 2609 illius
785 2547 954 2609 dominium
977 2554 1073 2609 trans-

103 2636 214 2699 feratur
228 2638 456 2704 irrevocabiliter
470 2639 500 2701 in
511 2635 730 2699 monasterium
746 2655 754 2696 ι
775 2635 904 2717 ideoque
917 2635 1074 2716 egrediens

103 2726 121 2786 a
142 2726 318 2808 ildigisus,
334 2728 381 2790 vel
402 2727 440 2789 ad
462 2727 552 2790 aliam
570 2725 734 2803 transiens,
751 2725 856 2806 nequit
874 2724 954 2785 illam
973 2723 1074 2787 dotem

104 2823 255 2897 repetere,
280 2833 380 2897 neque
403 2815 544 2878 alimento
562 2813 708 2896 consequi
727 2813 813 2876 valet.
836 2815 879 2876 Ita
899 2813 1072 2895 Pignatelli‚
1092 2871 1093 2874 ,

102 2921 151 2984 up.
169 2903 278 2982 Bonis,
294 2904 381 2982 ittet,
396 2924 427 2986 p.
444 2909 513 2968 666.

144 2994 173 3054 Si
185 2994 305 3057 tandem
316 2995 442 3076 quaestio
455 2999 532 3056 esset
544 2993 583 3056 de
596 2993 733 3056 instituto
746 2993 798 3056 ubi
810 2993 1075 3058 nullaemitluntur

101 3089 189 3158 vota,
205 3083 257 3145 sed
271 3101 308 3146 ex
324 3101 360 3146 eo
375 3083 521 3145 moniales
537 3083 629 3146 liber'a
643 3081 784 3146 recedere
800 3091 850 3146 aut
864 3083 902 3145 ab
915 3101 952 3145 eo
965 3084 1073 3146 dimitti

102 3177 243 3252 possunt,
258 3179 330 3236 tunc
342 3171 521 3252 juxtaCard.
537 3174 580 3236 De
590 3173 680 3248 Luca,
695 3171 750 3234 dos
763 3179 879 3234 nonest
893 3173 1075 3236 restituenda

101 3259 125 3320 si
142 3267 247 3340 sponte
266 3262 412 3324 moniales
430 3261 640 3342 egrediantur3
661 3279 748 3323 secus
766 3263 789 3323 si
806 3261 904 3322 inritae
918 3269 946 3336 et
961 3261 1074 3342 absque

101 3345 191 3427 culpa
205 3347 438 3414 dimitterentur.
459 3349 533 3412 Vide
555 3349 634 3412 dicta
653 3367 743 3432 supra
764 3353 864 3428 (tort)
888 3357 918 3411 et
938 3349 1015 3411 inira
1028 3350 1074 3413 di·

101 3436 197 3498 cenda
212 3440 322 3516 (6161,
337 3441 438 3515 abab).

141 3529 231 3588 erto.
259 3531 396 3590 Attarncn
411 3530 568 3602 Analecta,
585 3529 675 3612 pauld
694 3529 780 3592 aliter
800 3529 996 3612 quaestionem
1018 3531 1074 3593 sol·

100 3623 176 3678 runt
188 3613 283 3694 titia..
308 3617 366 3678 col.
383 3621 473 3699 1566)
491 3639 499 3682 :
520 3619 570 3682 all
585 3620 648 3681 taut
659 3619 826 3700 distinguer
840 3620 989 3697 plusieurs
1002 3639 1073 3700 cas,
