2522 3992
193 147 251 214 ⁴58
411 165 551 213 nanctus
570 167 672 213 tonus
691 153 780 212 rums
794 161 944 212 canortcr.

191 280 383 341 emancrnm,
399 267 430 330 in
453 288 515 351 quo
535 268 705 332 indicantur
723 267 806 330 modi
824 267 937 357 quibus
950 266 1031 330 bone
1044 283 1187 350 possunt

193 355 337 437 possideri
354 357 385 419 in
400 359 556 420 communi
575 365 604 420 et
622 357 783 419 transmitti
798 357 827 418 in
843 356 1017 435 hujusmodi
1037 361 1186 438 Congre-

193 445 394 525 gationibusb
416 446 482 528 lege
501 447 579 510 civiti
601 464 663 508 non
683 444 802 526 agnitis.
827 443 887 507 Sed
910 445 991 526 apud
1012 465 1070 508 nos
1094 467 1185 532 saepe

193 534 368 615 contingere
382 544 479 617 potest
493 535 574 617 qubd
592 535 622 598 hi
636 533 719 596 modi
736 551 799 596 nou
817 533 978 596 sufficiant.
992 534 1070 598 Vide
1090 535 1182 600 Proe-

194 621 259 684 lrct.
278 623 313 685 S.
325 623 474 706 Sulpicii,
493 636 526 686 no
541 627 610 688 468.

233 715 322 774 2593.
340 714 417 776 Solae
427 719 528 777 autem
538 714 583 776 vel
594 713 680 795 quasi
696 713 767 775 solae
781 712 947 776 mulierum
961 712 1181 795 religiosarum

194 801 327 863 Familiae
341 805 359 863 b
374 803 476 864 Galliae
491 801 646 865 Gubernio
661 820 759 882 usque
773 799 863 864 hodie
876 802 986 882 agnitae
996 810 1069 864 sunt
1081 824 1090 880 ;
1104 813 1182 868 atta·

195 907 266 951 men
281 895 309 952 l⁰
319 891 462 972 implicite
475 891 664 973 recognitum
677 890 759 954 suita
774 890 839 971 lege
847 891 1020 954 lustitutum
1031 894 1179 961 Fratrum

195 979 368 1040 scholaram
391 979 633 1042 Christianorum
654 999 708 1062 per
722 981 882 1042 Decretum
907 985 943 1042 l'l
969 981 1068 1044 martii
1099 988 1181 1048 1808

197 1087 257 1149 quo
270 1068 430 1131 constituta
452 1069 507 1131 tuit
526 1069 628 1132 Galliae
649 1069 848 1144 Universitas3
864 1069 909 1131 sic
928 1069 1011 1132 enim
1030 1069 1090 1132 tert
1109 1075 1180 1136 arti-

197 1155 283 1218 culus
298 1161 354 1220 109
372 1178 379 1218 :
393 1181 407 1217 a
419 1161 473 1221 Les
487 1159 593 1220 Freres
602 1158 657 1219 des
666 1147 772 1220 Eccles
785 1157 981 1222 Chretiennes
994 1168 1101 1221 seront
1112 1162 1180 1225 bre·

198 1267 213 1304 r
237 1247 317 1308 vetes
336 1252 367 1309 et
388 1249 575 1329 encourages
594 1267 648 1329 par
667 1247 695 1309 le
716 1245 957 1322 uland-name,
981 1249 1034 1329 qui
1054 1249 1178 1313 visitem

198 1357 213 1394 n
237 1333 318 1397 lcurs
338 1337 449 1400 Statuts
469 1337 646 1412 imbricum,
667 1335 871 1398 lesadmettra
884 1355 921 1398 au
938 1345 1095 1416 serment,
1111 1339 1178 1402 leur

198 1425 384 1496 »prescrira
406 1446 448 1489 un
473 1425 556 1488 habit
582 1425 755 1507 perticulier
782 1423 893 1488 etiem
915 1425 1071 1490 surreiller
1096 1428 1177 1492 leurs

198 1536 214 1574 r
238 1513 377 1578 eccles.»

239 1609 271 1666 2⁰
285 1603 455 1685 Approbata
465 1603 522 1666 luit
534 1605 661 1665 Decreto
676 1601 823 1684 imperiali
837 1601 948 1665 domus
962 1603 1175 1687 religiosorum

200 1694 231 1757 in
255 1693 371 1774 Alpinis
400 1693 555 1755 montibus
578 1692 736 1774 (retr'qr'euc
759 1691 799 1752 du
827 1691 1074 1774 Mont-Gmecre).
1103 1701 1173 1760 Item

200 1780 840 1864 congregationesS.Lamri‚blissionumet
856 1783 886 1843 S.
906 1783 1046 1863 Spiritus.
1068 1787 1175 1868 Magna

202 1871 352 1933 Carthasia
366 1872 403 1932 ab
418 1871 483 1952 ipso
493 1870 644 1933 Gubernio
655 1869 762 1932 domos
773 1875 803 1931 et
815 1868 998 1932 dotationem
1008 1885 1172 1956 receperat

202 1959 272 2022 item
281 1959 444 2044 Trappistae
457 1963 622 2022 conventus
635 1957 768 2022 Staoueli
783 1957 815 2018 in
828 1957 938 2020 Africa.
949 1959 1024 2023 Vide
1032 1963 1172 2046 Lequeur

203 2049 250 2128 (n⁰
267 2051 364 2122 toust.

242 2141 330 2200 2594.
346 2171 385 2184 -
399 2141 431 2200 3⁰
446 2139 506 2200 Lex
520 2140 556 2200 l5
572 2138 671 2200 martii
682 2140 759 2200 1859
773 2135 908 2199 decernit
919 2139 1173 2222 congregationes

202 2227 366 2309 religiosas,
382 2227 435 2289 etsi
456 2229 474 2290 a
492 2227 645 2291 Gubernio
663 2245 725 2288 non
746 2225 939 2308 approbatae,
964 2247 1052 2309 posse
1076 2239 1172 2296 tamen

203 2317 314 2398 abipso
327 2317 503 2398 recognosci
518 2317 603 2399 quasi
618 2315 763 2379 Instituta
775 2313 906 2396 publicar
919 2317 1070 2382 utilitatis
1079 2329 1109 2383 et
1122 2323 1173 2384 sub

203 2405 261 2470 hoc
269 2407 354 2469 titulo
364 2406 472 2469 scholis
481 2405 734 2469 communitatum
747 2403 805 2484 (des
814 2409 984 2486 communes)
992 2405 1173 2474 institutores

204 2495 504 2667 sulllllllllgligiosae
518 2589 620 2648 autem
630 2583 751 2647 tamiliae
762 2585 819 2647 isto
833 2583 925 2647 modo
937 2585 1048 2667 agnitae
1063 2607 1127 2653 non
1136 2599 1173 2652 tot

202 2677 321 2758 juribus
333 2675 457 2738 civiliter
467 2676 607 2737 trauntur
620 2693 656 2736 ac
669 2692 705 2736 ea
720 2693 787 2756 quae
796 2673 1173 2760 modosuperiirsexpositc

205 2771 305 2842 (2587,
320 2767 409 2842 2588)
420 2763 591 2846 approbatae
606 2763 688 2826 tuere
705 2783 712 2824 :
729 2781 801 2826 nam
811 2764 841 2825 in
857 2781 927 2826 casu
944 2763 1172 2832 ultimomemo·

206 2863 288 2915 rato:
309 2875 323 2912 a
338 2855 379 2916 La
392 2853 640 2916 reconnaissance
654 2872 672 2915 a
686 2852 785 2914 moins
800 2871 839 2915 en
854 2871 911 2915 vue
920 2871 970 2915 ces
983 2857 1173 2920 associations

206 2966 220 3002 n
245 2943 465 3018 elles-memes,
481 2961 540 3023 quc
564 2942 693 3004 limeret
707 2941 809 3023 public
823 2942 875 3022 qui
893 2941 931 3002 l’a
944 2939 996 3004 tait
1009 2946 1171 3010 accorder.

207 3056 221 3094 r>
246 3032 302 3095 elle
326 3051 364 3094 ne
395 3049 522 3113 procure
549 3049 607 3111 que
635 3030 679 3092 les
710 3040 868 3111 aruntages
894 3030 946 3112 qui
973 3049 1012 3093 cn
1042 3033 1173 3098 derivant

208 3145 221 3184 r
245 3122 363 3204 d'aprbs
381 3121 409 3180 la
429 3119 467 3181 loi
488 3119 815 3202 surl’enseiguement.
837 3121 919 3182 Nous
938 3131 1089 3203 croyons,
1104 3140 1170 3188 cou-

207 3235 221 3274 υ
246 3212 419 3274 trairement
437 3209 454 3269 a
474 3207 617 3290 l'opinion
639 3209 678 3270 de
700 3209 849 3290 quelques
866 3215 1004 3284 auteurs,
1024 3231 1085 3292 que
1101 3220 1171 3276 cette

207 3328 222 3363 u
245 3297 493 3364 reconnaissance
524 3297 599 3357 rond
627 3297 669 3359 les
696 3297 889 3360 associations
920 3299 1096 3380 religieuses
1126 3303 1170 3384 qui

207 3413 223 3450 ι
248 3387 455 3456 t'obtiennem,
476 3385 618 3446 lrabilesa
638 3386 780 3466 posse'der
798 3385 852 3447 des
865 3385 950 3448 biens
963 3392 993 3448 el
1010 3391 1028 3449 b
1046 3392 1170 3452 receuoir

209 3499 224 3534 s
246 3472 483 3536 testiberante's.
502 3495 516 3530 r
538 3475 626 3532 ltab.
648 3474 802 3546 Calmette,
822 3472 1168 3540 Traittdet'odmim'str.

210 3575 332 3640 seraper.
347 3559 394 3620 cles
409 3559 583 3642 Conpre'pct.
599 3559 700 3640 reliq,
715 3579 747 3640 p.
763 3565 814 3624 2l.
