2534 3996
209 233 267 296 358
457 247 594 296 aaronis
614 235 715 294 corius
734 247 816 292 runrs
837 243 987 293 canonici.

211 372 226 409 a
249 341 859 426 letarii,Thurilerariusetricolythus:et
868 359 924 423 pro
933 341 1025 404 cboro
1033 339 1138 404 saltem
1149 346 1179 410 4.

211 461 226 498 n
249 437 321 519 quia
334 435 424 496 debet
444 451 509 496 esse
530 450 601 496 cum
627 439 735 509 cantu,
761 431 897 512 sequitur
920 429 1002 511 qudd
1025 429 1129 492 saltem
1146 434 1180 490 ll

211 548 226 586 a
252 524 446 588 inservientes
469 522 530 584 sint
552 519 727 596 necessarii,
756 535 932 600 quanquam
954 518 1036 580 idem
1057 517 1185 580 clericus

211 637 227 674 n
252 611 391 695 supplere
401 617 502 693 posset
513 627 569 691 pro
582 608 699 688 acolyto
712 613 742 670 et
757 606 975 670 thuriferario.»
987 641 1027 653 —
1039 608 1070 669 Si
1084 613 1185 668 autem

212 703 287 766 adsit
297 699 448 764 sufficiens
462 715 608 762 numerus
620 695 827 758 ministrorum
837 743 845 772 ,
855 696 911 757 etsi
922 695 1010 776 pauci
1024 695 1084 757 sint
1092 695 1186 756 Cano

214 791 286 866 nici‚
300 807 362 852 non
372 807 409 850 ex
418 788 475 850 hoc
485 787 657 850 eximuntur
667 783 866 865 aquatidiantt
876 782 1076 846 celebratione
1085 783 1185 844 missae

214 877 420 941 conventualis
434 893 504 937 cum
517 881 619 936 cantu.
633 876 675 934 lta
688 873 824 936 decisum
837 874 855 934 4
870 872 902 934 S.
917 873 950 934 C.
963 873 1021 932 llil.
1036 871 1096 954 (ap.
1112 872 1187 932 Gar·

214 967 339 1044 dellini,
355 974 388 1028 n⁰
403 967 503 1043 3050).

255 1072 344 1132 3343.
366 1069 515 1130 Praeterea
531 1067 601 1130 cirm
617 1065 738 1148 praelata
751 1065 893 1147 obligatio
906 1067 945 1128 sit
963 1069 1031 1147 jure
1052 1067 1187 1129 humano

215 1156 405 1234 introducta,
421 1173 538 1219 cessare
551 1161 665 1236 potest,
684 1173 720 1216 cx
736 1154 821 1234 justt
838 1159 946 1232 causa,
967 1161 1057 1237 prout
1070 1161 1189 1217 caetarae

216 1245 297 1326 leges
311 1245 452 1308 humanae
468 1263 476 1305 ι
495 1244 587 1315 unde.
609 1242 707 1325 inquit
719 1243 875 1324 Pignatelll
893 1247 953 1325 (ap.
972 1245 1084 1316 Boutx,
1099 1241 1188 1321 itia,

216 1353 248 1416 p.
273 1337 362 1412 359),
390 1356 405 1394 c
425 1334 450 1396 si
468 1339 638 1396 occurreret
659 1331 845 1394 consecratio
866 1331 1026 1413 Episcopi,
1042 1331 1191 1394 adventus

216 1443 232 1481 a
257 1421 402 1504 principis
416 1427 468 1484 aut
486 1420 645 1503 Episcopi,
661 1424 714 1481 aut
735 1418 808 1500 quid
828 1419 940 1492 simile,
963 1419 1085 1501 quando
1099 1421 1192 1482 Missa

218 1532 234 1572 a
258 1510 462 1573 conventualis
489 1527 551 1572 non
579 1513 679 1590 posset
702 1507 862 1571 commode
882 1508 1062 1590 anticipari,
1091 1509 1190 1572 omitti

219 1621 234 1660 r
258 1605 360 1682 posset
372 1600 438 1662 sine
452 1603 585 1682 peccato.
601 1619 616 1655 o

260 1711 351 1772 3344.
375 1709 464 1789 Resp.
488 1709 519 1770 2⁰
539 1708 650 1769 Contra
669 1705 883 1786 obligationem
905 1706 1039 1786 quotidie
1060 1707 1191 1770 canendi

219 1797 342 1859 missam
357 1795 603 1871 conventualem,
615 1811 756 1874 quaenon
768 1794 1193 1862 aconcil.Trident.mamda

219 1888 255 1946 et
270 1885 437 1946 Concilium
459 1883 585 1945 omninb
606 1883 702 1958 silet),
725 1881 831 1944 seder
851 1901 919 1964 cap.
937 1883 1012 1946 Ciam
1032 1891 1189 1956 creatura,

219 1973 253 2033 de
274 1973 379 2034 celebr.
395 1973 489 2044 misc,
511 1971 566 2034 suit
580 1970 868 2051 inducupraescribi
886 1978 983 2054 potest
1003 1973 1100 2054 spatio
1120 1991 1194 2055 qua·

220 2059 358 2141 draginta
370 2078 533 2124 annorum.

261 2167 351 2227 2345.
374 2167 463 2247 Resp.
480 2168 511 2227 3ο
525 2163 677 2244 Eviguitas
691 2163 864 2228 reddituum
887 2183 949 2228 non
964 2165 1098 2228 eximite
1114 2185 1193 2248 quo-

219 2252 332 2316 tidiano
345 2254 545 2316 celebratione
562 2256 663 2315 missae
676 2254 882 2318 conventualis
895 2301 903 2332 ,
918 2253 971 2316 sed
985 2261 1030 2316 est
1043 2257 1194 2318 motivum

221 2341 373 2405 sufficiens
386 2342 424 2405 ad
438 2341 633 2404 obtinendam
647 2341 798 2405 licentiam
813 2343 895 2404 illam
908 2341 1036 2405 canendi
1046 2343 1195 2407 duntaxat

220 2429 328 2494 diebus
341 2430 468 2505 festivis3
481 2448 538 2492 nec
553 2431 584 2492 S.
601 2431 633 2491 C.
645 2429 719 2493 solet
734 2431 816 2492 illam
825 2430 975 2512 denegare
989 2431 1020 2493 in
1033 2431 1093 2494 hoc
1106 2451 1192 2496 casu.

220 2517 296 2582 Vide
310 2518 423 2582 Bened.
439 2520 504 2581 lllV
523 2519 608 2596 (lost.
628 2521 696 2596 lov,
713 2534 746 2582 n⁰
764 2524 806 2599 5).
821 2553 861 2566 -
876 2519 986 2596 Bonis,
1000 2519 1054 2595 m,
1069 2539 1101 2602 p.
1119 2524 1191 2584 357.

220 2608 304 2670 Idem
317 2608 472 2671 lndultum
484 2606 659 2670 conceditur
673 2609 763 2671 etiam
778 2615 900 2692 propter
909 2610 1088 2690 paucitatem
1099 2611 1196 2672 Cano

222 2715 372 2760 uicorum.

261 2803 350 2863 3346.
373 2799 495 2872 Quaerit.
511 2804 543 2862 3ο
557 2799 634 2873 Ouid
648 2800 841 2864 sentiendum
853 2801 890 2863 sit
903 2800 941 2863 de
954 2797 1108 2864 hodiernis
1123 2804 1194 2866 Gal·

222 2887 269 2949 liae
280 2889 437 2967 Capitulis,
447 2909 515 2970 quae
522 2909 583 2951 non
597 2897 711 2951 canunt
724 2889 857 2970 quotidie
871 2889 994 2950 missam
1007 2899 1195 2954 conventum·

222 2976 282 3035 lem
297 2984 327 3034 et
340 2975 412 3036 alias
428 2978 534 3040 missas
548 2995 616 3060 quae
632 2977 782 3040 'arubrica
797 2975 959 3059 aliquando
978 2977 1009 3038 in
1019 2977 1131 3064 ¹ettdenr
1145 2981 1195 3042 die

223 3062 478 3144 praescribuntur?

262 3163 351 3241 Resp.
368 3164 400 3222 40
410 3161 440 3222 Si
455 3163 472 3222 4
485 3163 516 3226 S.
528 3163 604 3226 Sede
618 3163 656 3227 de
668 3163 727 3226 hoc
739 3161 869 3224 babeant
881 3161 1036 3225 indultum
1049 3165 1193 3246 speciale,

222 3249 267 3312 vel
281 3248 306 3310 si
328 3251 441 3312 Statota
461 3253 650 3331 particularia
664 3255 708 3316 sic
729 3251 920 3333 disponentia
937 3252 976 3314 ab
993 3252 1101 3316 eadem
1117 3255 1196 3318 Sede

222 3335 334 3400 luerint
342 3338 525 3419 approbata,
541 3341 623 3404 nulla
637 3347 683 3404 est
695 3340 863 3403 difficultas.

263 3431 357 3494 Porro
371 3435 487 3495 Statuta
499 3435 517 3496 4
531 3436 636 3516 primis
645 3443 713 3518 post
722 3435 943 3500 Concordatum
956 3436 1115 3520 Episconis
1124 3458 1197 3503 con·

223 3517 323 3580 ditavi
343 3519 595 3604 subdelegationis
609 3523 681 3605 ipsis
698 3527 717 3586 4
734 3523 881 3587 Cardinali
895 3528 1004 3608 Legato
1018 3545 1195 3603 concessae,

225 3605 422 3670 sufficientem
443 3609 581 3674 videntur
597 3611 764 3676 obtinuisse
777 3615 810 3675 S.
826 3613 912 3678 Sedis
925 3615 1195 3696 approbationem:
