2522 4028
443 249 528 295 utura
549 248 666 295 antuus.
982 233 1040 294 aaa

66 353 253 431 nequeunt:
281 349 344 411 sire
361 347 433 430 quia
459 364 521 408 non
541 346 726 410 consentiret
746 345 933 410 Gubernium
956 349 1042 426 cujus

65 455 235 501 consensus
249 437 435 500 necessarius
444 441 489 497 est
499 455 508 512 ;
519 435 581 498 sive
594 435 667 516 quia
680 435 826 516 injustum
840 435 989 499 videretur
1003 444 1043 498 te-

65 525 107 588 lie
121 525 286 602 beneficia,
302 543 371 606 quae
385 523 538 606 praecipua
555 521 638 606 apud
658 543 714 586 nos
727 530 797 586 sunt
812 523 926 599 officia,
940 526 1042 604 iunio-

65 615 153 676 ribus
178 621 210 676 et
237 613 425 697 simplicibus
449 612 582 688 clericis,
611 611 819 695 praetermissis
839 612 1044 676 sacerdotibus

65 704 159 786 longl
177 703 361 786 experientia
378 701 581 784 comprobans
599 701 756 784 impertiri.
775 702 874 784 Ergo,
890 709 949 766 etc.
967 703 1044 764 Cirm

67 800 170 854 tamen
181 840 189 867 ‚
200 793 289 855 eliam
303 791 463 853 missarum
483 789 648 872 stipendia,
660 791 684 853 si
699 797 859 853 occurrant
872 793 1043 854 communi-

66 887 114 942 ter
128 881 220 943 modo
237 879 397 943 sufficienti
415 877 452 941 ad
473 879 740 952 sustentationem,
755 879 853 942 valere
866 889 992 963 possunt
1006 883 1045 944 ad

69 970 189 1032 titulum
198 969 383 1045 clericalem,
394 974 484 1050 prout
492 986 625 1031 asserere
634 967 750 1030 videtur
760 970 791 1030 S.
804 970 925 1050 Lignor.
937 969 999 1049 (lib.
1012 976 1042 1046 6,

71 1070 107 1119 n⁰
120 1061 208 1137 sis),
224 1061 241 1121 a
255 1057 371 1120 fortiori
389 1056 525 1120 adhunc
546 1057 668 1119 titulum
687 1057 932 1120 constituendum
947 1060 1044 1122 valere

71 1153 228 1228 poterunt,
239 1155 329 1228 prout
344 1145 431 1208 nobis
444 1153 578 1228 apparet,
589 1145 727 1229 paroeciae
739 1147 912 1210 anroribiles
922 1195 930 1224 ‚
941 1150 1045 1230 quales

69 1236 152 1318 apud
173 1255 228 1298 nos
246 1235 336 1298 hodie
354 1235 501 1314 existunt,
516 1235 608 1298 modo
621 1241 758 1298 teneatur
771 1236 938 1320 Episcopus
950 1238 989 1300 de
1009 1239 1045 1300 iis

68 1325 214 1388 ordinetis
227 1325 394 1407 providere.

109 1417 200 1476 2010.
217 1412 398 1495 Respondes
411 1417 452 1476 2⁶.
470 1411 600 1476 Maxima
614 1431 683 1495 pars
697 1413 875 1476 clericorum
891 1424 1045 1496 nequeunt

69 1503 161 1566 hodie
188 1503 220 1564 in
247 1502 342 1565 Gallia
361 1508 392 1564 et
415 1499 517 1582 Belgio
541 1501 673 1564 ordinari
694 1519 765 1564 cunr
785 1503 931 1566 canonico
952 1505 1043 1586 patri·

70 1591 166 1654 monii
186 1597 239 1654 aut
260 1591 414 1673 pensionis
435 1591 533 1653 titulo.
557 1589 591 1652 ld
609 1591 792 1672 experientis
805 1597 944 1654 constat:
967 1612 1045 1674 pau·

70 1681 183 1742 cissimi
211 1683 294 1742 enim
321 1685 393 1743 sunt
419 1678 500 1762 apud
523 1698 578 1743 nos
605 1679 658 1762 qui
686 1679 901 1762 patrimonium
928 1681 1046 1744 valeant

71 1769 178 1833 efferre
199 1769 307 1832 debitis
326 1767 549 1832 conditionibus
567 1770 725 1832 vestitum:
740 1767 848 1832 exinde
870 1769 991 1833 invaluit
1014 1771 1045 1832 in

71 1859 164 1922 uellit
186 1857 374 1922 consuetudo
397 1864 431 1920 ut
451 1858 592 1940 Episcopi
614 1858 753 1921 clericos·
766 1857 880 1939 absque
901 1857 987 1921 titulo
1007 1860 1045 1922 ed

69 1967 172 2010 sacros
195 1947 316 2010 ordines
337 1945 515 2026 admittant,
539 1947 629 2009 etiam
644 1947 709 2009 sine
722 1946 877 2029 pontificia
890 1948 1044 2030 dispensa-

69 2038 164 2100 tione.
186 2041 233 2100 An
255 2035 427 2116 hujusmodi
448 2035 636 2099 consuetudo
660 2034 769 2098 habeat
789 2054 872 2099 nunc
896 2037 1043 2100 conditio-

71 2145 126 2188 nes
140 2127 297 2208 requisitas
307 2123 621 2206 utlegitimadicenda
634 2124 686 2199 sit,
703 2125 919 2207 sapientiorum
930 2125 1044 2205 judicio

69 2214 273 2278 decidendum
282 2215 471 2278 remittimus.
483 2215 520 2275 V.
535 2215 627 2276 Bouix
640 2261 648 2291 ‚
663 2214 707 2276 De
716 2213 870 2296 Episcopo,
884 2235 913 2297 p.
929 2221 979 2291 rs,
991 2219 1043 2298 qui

69 2305 183 2386 pariter
196 2304 234 2366 de
243 2303 414 2384 hujusmodi
427 2301 655 2366 consuetudinis
668 2301 852 2384 legitimitate
866 2303 992 2366 dubitat.
1048 2343 1052 2350 -

111 2391 262 2474 Quidquid
276 2393 314 2454 sit
326 2391 364 2455 de
383 2392 431 2454 illu
445 2410 501 2474 pro
518 2391 584 2454 aliis
603 2391 779 2473 provinciis,
795 2391 827 2454 in
841 2391 897 2454 hac
912 2395 1043 2456 Arenio·

69 2483 157 2546 nensi
182 2482 226 2544 sic
242 2480 299 2544 luit
318 2481 468 2544 sancitum
490 2483 508 2542 l
530 2480 644 2542 Concil.
668 2480 845 2542 Provinciali
868 2483 941 2543 anni
966 2487 1043 2546 tutu

69 2575 112 2654 (p.
137 2573 187 2648 60)
209 2589 217 2631 :
244 2591 259 2630 a
281 2570 388 2632 Nullus
407 2570 536 2632 clericus
558 2569 764 2632 saecularisati
785 2587 904 2631 sacrum
928 2571 1044 2632 subdia·

69 2685 84 2720 s
110 2669 253 2722 conatum
276 2668 506 2740 promoveatur,
526 2657 626 2740 quoad
647 2657 711 2719 lteri
730 2658 858 2740 poterit,
874 2657 939 2720 sine
959 2657 1045 2722 titulo

68 2774 84 2808 p
110 2747 328 2820 ecclesiastico,
345 2747 403 2810 nisi
421 2749 505 2828 prius
520 2747 653 2828 legitime
673 2752 790 2810 constet
806 2745 844 2808 ab
859 2746 910 2807 illo
923 2745 1043 2810 titulum

68 2863 84 2898 s
111 2837 352 2920 patrimonialem
366 2835 522 2918 possideri.
539 2835 570 2899 Si
584 2837 654 2898 verd
667 2834 786 2898 deliciet
803 2835 906 2898 titulus
920 2837 1043 2918 praedic-

68 2951 84 2987 »
110 2936 177 3002 tus,
194 2925 315 2988 accedat
331 2943 367 2988 ex
387 2925 564 3007 Apostolicae
579 2924 665 2988 Sedis
685 2924 887 3006 indulgentia,
902 2926 1042 3009 Episcopi

67 3041 83 3075 n
108 3015 333 3097 dispensatio.»
357 3013 444 3078 Unde
466 3031 502 3076 ex
528 3013 707 3095 apostolicae
728 3013 813 3076 Sedis
830 3014 1041 3097 indulgentia,

68 3104 212 3186 lipiscopi
236 3103 398 3166 Provinciae
427 3101 643 3165 avenionensis
666 3102 839 3185 dispensare
859 3113 987 3186 possunt
1011 3107 1042 3166 in

69 3193 246 3256 necessitate
269 3191 399 3254 habendi
422 3191 560 3269 titulum,
584 3190 706 3272 quando
721 3193 843 3255 ordines
865 3195 942 3256 sacri
965 3193 1041 3256 reci-

67 3283 208 3364 piuntur.

109 3373 201 3434 uult.
217 3403 255 3417 ··-
269 3369 385 3432 Dicitur
399 3371 430 3431 in
445 3367 687 3433 Proelectionibus
699 3369 734 3432 S.
750 3369 880 3452 Sulpr'tii
893 3374 938 3446 (ηο
951 3376 1039 3452 293),

66 3459 152 3542 qudd
165 3505 174 3536 ‚
186 3459 271 3538 Juxta
291 3457 414 3520 Ritunle
429 3457 547 3532 Paria,
565 3457 666 3519 elerici
683 3457 804 3520 titulum
820 3476 881 3520 non
898 3457 1042 3524 habentes

66 3547 249 3610 ordinentur
271 3546 328 3609 sub
350 3547 436 3610 titulo
457 3544 645 3624 odedientia,
666 3549 702 3607 ea
724 3563 834 3627 nempe
857 3547 922 3627 lege
945 3555 979 3608 ut
1003 3549 1043 3610 ed

68 3635 208 3700 diseccsis
222 3637 423 3698 ministerium
442 3637 551 3717 preestd
565 3635 626 3696 sint
646 3634 769 3698 Presuli
780 3635 897 3696 vocanti
911 3635 962 3711 qui
984 3634 1042 3696 illis
