2534 3996
204 300 261 363 331
420 315 559 362 nauatae
578 313 678 362 renus
698 314 780 362 suuis
800 313 947 361 cruuntur.

203 423 282 480 tatur
295 418 384 480 etiam
405 417 440 479 de
457 431 536 477 mota
546 420 668 497 proprio
682 415 827 476 Clement.
843 415 894 475 Vll
918 411 1164 495 ,prohibentem
1250 371 1251 396 ἑ

204 516 312 569 caetero
326 505 482 589 Episcopis
495 505 609 586 erigere
623 502 778 586 parochias
792 503 822 565 in
840 502 1024 583 collegiatus.

245 597 320 659 Cium
330 595 454 658 ecclesia
469 599 597 675 nequeat
609 591 667 655 dici
681 599 711 654 et
723 611 788 654 esse
802 591 977 672 collegiata,
990 592 1045 654 nisi
1060 592 1098 654 ob
1111 593 1164 654 Ca-

205 685 332 770 pitulum
356 684 515 765 Collegiale
545 683 577 744 in
604 683 668 764 ipsa
695 682 885 756 institutum,
910 681 1044 762 sequitur
1070 699 1166 762 nequa

119 803 129 812 r
206 775 373 856 Capitulum
387 771 543 854 Collegiale
563 772 636 852 erigi
660 787 747 852 posse
761 771 873 851 absque
892 771 922 832 S.
939 769 1024 832 Sedis
1037 771 1166 832 auctori-
1250 809 1251 828 .

204 872 273 926 tate.
290 863 402 938 Bouix,
418 861 462 924 Dc
478 859 641 943 Capitulis,
657 878 687 942 p.
703 861 780 938 213,
796 867 866 934 etc.;
882 859 1045 938 lnsttt.‚1t.
1060 859 1164 939 dett„

207 969 275 1033 pars
287 955 318 1029 2,
332 968 399 1032 cap.
414 953 444 1026 2,
459 947 477 1029 ᾗ
490 953 519 1012 2.

649 1133 722 1214 sn.

246 1269 385 1353 Adparent
393 1269 541 1352 pertineat
549 1289 649 1332 creare
658 1279 686 1332 'et
695 1269 827 1350 conferre
836 1268 1018 1350 Digniores,
1032 1266 1129 1334 Cano·

577 1371 712 1450 nicetus,
738 1379 793 1434 etc.

594 1567 746 1626 PUNCTUtt
760 1569 781 1624 1.

245 1702 283 1748 ue
304 1701 467 1749 ascaricus
481 1700 619 1748 rorarunt
638 1699 820 1748 uicurraruu
841 1701 877 1746 rr
891 1697 1131 1748 muouicaruuu.

244 1841 334 1901 2266.
351 1836 471 1918 Absque
481 1854 630 1899 consensu
643 1836 767 1917 Capituli
782 1837 948 1919 Episcopus
962 1837 1066 1919 nequit
1077 1855 1170 1902 nores

208 1927 371 2007 [lignitates
388 1934 440 1988 aut
452 1943 543 1987 novos
558 1927 751 1989 canonicatus
764 1943 865 1988 creare
885 1945 892 1987 :
908 1926 952 1988 sic
965 1926 1048 1987 enim
1061 1925 1170 2008 legitur

207 2015 236 2074 in
263 2013 406 2076 Thesauro
429 2013 545 2076 recolat.
566 2015 596 2078 S.
613 2015 722 2098 Congr.
740 2016 830 2077 Cone.
847 2015 939 2092 (toni.
955 2017 1015 2091 65,
1037 2033 1066 2096 p.
1086 2019 1137 2095 12)
1162 2039 1168 2076 :

210 2127 224 2160 a
245 2105 288 2165 De
302 2101 451 2184 erigendis
464 2110 564 2166 autem
576 2105 659 2166 novis
672 2103 870 2186 Dignitatibus
880 2103 924 2165 vel
939 2101 1170 2168 canonteattbus

206 2217 220 2252 a
244 2199 359 2256 certum
373 2199 418 2256 est
432 2209 614 2256 consensum
636 2193 759 2276 Capituli
780 2193 929 2276 requiri...
949 2192 1066 2256 Alias...
1089 2194 1170 2256 irrita

205 2307 219 2340 a
245 2283 354 2345 erectio
366 2290 493 2360 esset...,
508 2291 537 2346 et
551 2282 581 2344 in
596 2287 686 2345 causti
699 2284 894 2365 Aquinatenn'
903 2286 952 2362 (20
965 2281 1025 2346 leb.
1045 2285 1167 2362 1677)...

206 2395 220 2429 »
245 2371 413 2453 disceptatis
422 2371 541 2434 dubiis:
557 2375 588 2432 1⁰
599 2376 644 2432 An
656 2372 749 2453 possit
757 2373 921 2455 Episcopus
931 2373 1046 2454 erigere
1054 2373 1171 2456 Praapo

206 2483 220 2518 a
245 2460 367 2524 situram
381 2460 544 2524 secundam
558 2459 737 2542 Dignitatem
750 2461 780 2523 in
794 2461 872 2524 dictat
883 2461 1058 2544 Collegiatt3
1074 2466 1107 2523 2ο
1122 2465 1168 2522 dn

205 2573 220 2608 u
245 2549 276 2610 in
289 2549 410 2626 eadem,
426 2549 456 2610 in
470 2553 530 2630 qut
553 2567 613 2610 non
634 2555 680 2611 est
700 2548 863 2631 praefinitus
882 2550 1102 2612 Canonicorum
1116 2568 1169 2612 nu-

206 2661 219 2694 n
246 2655 356 2716 merus,
368 2639 460 2720 possit
468 2638 582 2720 erigere
594 2639 999 2720 Canonicatum‘lRescripsit
1008 2638 1045 2701 ad
1055 2648 1170 2702 utrum-

205 2750 218 2785 u
244 2746 303 2808 que
319 2746 327 2789 :
342 2727 548 2810 Affirmotice,
567 2727 605 2790 de
618 2745 768 2790 consensu
779 2727 942 2808 Capituli...
957 2727 990 2788 ln
1006 2732 1066 2789 una
1079 2727 1168 2790 Satt-

206 2838 219 2874 n
243 2816 324 2878 aeusi
336 2863 343 2888 ,
360 2817 511 2899 proposito
527 2837 534 2878 :
549 2819 596 2878 An
612 2817 723 2880 erectio
738 2816 1001 2879 Archidiamnatds
1014 2815 1090 2878 lacta
1103 2816 1168 2878 sind

205 2925 220 2964 a
245 2923 392 2967 consensu
401 2904 524 2986 Capituli
533 2905 725 2981 sustineatur,
737 2906 886 2986 rescripsit
894 2904 943 2968 die
955 2908 1066 2987 ltlapr.
1079 2907 1165 2976 1696,

205 3013 220 3052 a
246 2993 398 3074 Nepctive,
411 2999 440 3054 et
453 2993 634 3056 erectionem
648 2995 714 3058 sine
727 3011 875 3056 consensu
890 2993 1016 3074 Capituli
1031 3011 1092 3056 non
1106 3011 1168 3055 sus·
1250 3067 1251 3090 Χ

205 3103 220 3143 r
245 3081 343 3143 lineri.
366 3105 381 3138 n

246 3171 277 3234 Si
301 3171 409 3249 iniuste
432 3189 611 3234 consensum
625 3172 786 3252 denegaret
804 3171 986 3251 Capitulum,
1003 3173 1033 3232 S.
1056 3171 1164 3251 Congu.

206 3259 296 3322 Conc.
321 3258 501 3322 erectionem
517 3261 708 3341 prescribere
725 3259 819 3337 valet,
836 3259 1046 3321 nonobstante
1064 3257 1166 3338 hujus-

205 3348 286 3410 modi
305 3346 453 3410 dissensu.
470 3349 575 3426 Bouix,
592 3349 634 3412 De
649 3347 807 3430 Capitalis,
823 3368 853 3428 p.
869 3351 939 3409 215.

245 3441 333 3498 2267.
350 3439 477 3498 Econtra
490 3455 559 3499 cuin
573 3437 698 3518 Capituli
712 3453 876 3506 consensu,
892 3434 1029 3518 Episcopi
1044 3443 1168 3518 possunt

206 3540 307 3586 creare
322 3543 413 3587 noros
426 3526 642 3600 canonicatus,
664 3523 719 3586 nisi
734 3535 838 3606 agatur
856 3524 893 3588 de
908 3525 1046 3606 Capitulis
1061 3543 1167 3586 nunte-

206 3616 277 3674 ratis
297 3615 469 3677 auctoritate
483 3616 514 3676 S.
531 3614 634 3689 Sedis,
650 3621 683 3674 ut
702 3614 935 3694 supradiximus
953 3618 1051 3693 (atta)
1068 3632 1076 3671 ε
1093 3612 1168 3673 ratio

208 3709 253 3761 est
265 3703 336 3782 quia
348 3702 380 3766 iu
393 3703 516 3764 materia
530 3720 592 3764 non
605 3703 706 3764 odiost
720 3706 917 3766 manuleatus
930 3709 1053 3767 ueniunt
1069 3699 1168 3780 appel·
