2522 3996
449 189 535 238 unrn
555 191 673 238 antuus.
1011 177 1053 237 23

75 293 158 368 rata;
182 289 330 370 quaritur
354 295 457 350 autem
482 307 522 351 an
544 291 649 352 revera
670 287 709 350 de
728 288 796 368 jure
819 287 851 350 in
871 287 966 351 Gallia
990 307 1051 352 non

75 377 213 460 obliget?
228 413 265 426 -
280 377 317 439 D.
335 377 441 450 Bouix,
458 377 490 439 in
504 396 560 440 suo
573 384 700 440 tractatu
716 375 758 440 De
778 376 905 438 Peracto
921 380 962 459 (ps
979 381 1050 441 355-

75 469 166 545 361),
190 465 334 550 expendit
355 466 451 530 varias
472 466 604 529 rationes
623 486 692 548 quae
706 485 761 548 pro
782 472 811 528 et
827 473 932 528 contra
945 465 1051 530 adduci

76 561 223 637 possunt;
239 561 285 633 et,
305 562 350 618 sat
370 554 450 618 clare
463 555 590 637 probato
605 555 687 636 quod
711 573 810 636 neque
832 555 1054 618 aconcorrtato

77 662 178 726 neqrra
192 646 210 706 a
228 643 447 707 consuetudine
461 643 577 706 sublata
590 641 679 706 luerit
692 643 834 726 praedicta
848 643 941 706 lex'in
956 645 1054 724 regio·

77 732 169 796 nibus
184 735 306 810 nostris,
321 732 445 796 modam
458 732 502 794 sio
515 731 668 795 concludit
684 751 691 794 :
707 753 722 792 c
737 732 887 814 Expositis
900 732 972 795 hinc
986 733 1056 796 inda

78 843 94 880 ι
119 821 327 884 rationibus...
338 821 493 884 sateorme
506 839 569 883 non
581 821 692 884 audere
706 821 737 882 in
748 840 781 884 re
794 827 856 884 tam
871 822 952 903 gran
968 822 1055 902 quid·

80 932 96 970 a
120 929 215 991 quam
228 908 422 972 concludere.
437 911 540 974 Unum
554 909 698 973 duntaxat
720 910 872 974 annotabo
887 931 894 972 :
912 911 1057 974 nimirum

79 1021 94 1056 o
118 998 310 1062 difficultates
324 998 389 1061 illas
408 1004 438 1062 et
456 998 695 1081 pertimescenda
708 999 916 1076 incommoda,
933 1019 1001 1082 quae
1024 1002 1057 1062 in

80 1110 94 1144 o
119 1091 212 1150 causa
238 1106 306 1150 csse
331 1094 495 1170 potuerunt
521 1106 585 1162 cur,
615 1088 721 1170 primis
743 1095 810 1170 post
835 1089 1057 1152 concordatum

81 1199 96 1234 r>
120 1177 322 1259 temporibus,
337 1177 538 1260 praetennissa
550 1176 641 1240 fuerit
653 1179 819 1240 concursus
832 1175 942 1251 forma,
959 1177 1059 1241 adhuc

80 1289 95 1324 o
120 1265 212 1328 etiam
227 1265 305 1330 forte
324 1284 361 1329 ex
376 1273 459 1348 parta
482 1283 687 1348 perseverare:
703 1273 737 1329 ut
750 1265 825 1329 adeo
839 1267 951 1328 mirum
965 1266 1060 1329 videri

83 1377 98 1414 a
125 1373 187 1417 non
195 1353 319 1430 debeat,
328 1356 494 1417 etiamnum
510 1354 632 1417 retineri
646 1353 763 1438 praxim
777 1354 879 1431 illam,
894 1357 949 1418 etsi
963 1355 1057 1434 forte,

83 1467 97 1502 a
124 1463 225 1525 neque
241 1445 270 1505 vi
285 1443 478 1514 Concordati,
497 1462 596 1525 neque
617 1445 646 1506 vi
664 1444 891 1507 consuetudinis
909 1445 1058 1509 satistuto

85 1557 100 1592 o
124 1533 325 1596 existimetur.
341 1533 463 1596 Certum
476 1534 559 1595 enim
573 1539 619 1596 est
632 1551 694 1596 non
708 1533 840 1614 obligare
855 1534 951 1613 legem
966 1535 1059 1598 eccla·

82 1645 98 1683 ι
124 1623 293 1698 masticem,
310 1640 379 1704 que
390 1622 437 1684 rel
452 1621 535 1685 nullo
549 1622 656 1698 modo,
670 1623 717 1684 vel
728 1623 849 1684 nonnisi
862 1640 934 1687 cum
948 1641 1059 1704 magno

84 1734 100 1774 a
124 1709 322 1775 incommodo
335 1719 365 1774 et
377 1711 548 1774 animarum
562 1711 752 1782 detrimento,
767 1710 807 1774 oh
825 1711 990 1794 peculiares
1003 1713 1059 1774 cir·

83 1824 99 1860 n
123 1801 321 1864 cumstantias
334 1799 482 1864 observari
506 1806 614 1882 potest.
630 1823 645 1860 o
670 1799 773 1879 (lod,
788 1818 818 1882 p.
834 1801 919 1880 361.)
932 1834 972 1848 -
985 1801 1060 1864 Vide

86 1891 177 1952 etiam
196 1890 327 1952 l'roelect.
343 1889 378 1952 S.
394 1888 534 1971 Sulpici,
550 1888 591 1951 n¹⁸
604 1893 749 1953 ata-att.

127 1981 217 2044 1335.
234 1979 355 2052 Quaerit.
372 1981 402 2041 6·
423 1977 581 2052 Quomodo
594 1976 768 2042 removendi
790 1977 849 2041 sint
862 1979 985 2062 parochi
998 1980 1058 2044 sira

83 2067 271 2136 amoribiles,
287 2065 349 2130 sive
362 2067 523 2150 perpetui?

125 2161 217 2239 Rosp.
233 2157 292 2218 Pro
315 2155 463 2220 solutione
482 2155 573 2237 hujus
594 2155 679 2219 dubii
700 2155 859 2237 relegenda
878 2161 949 2219 suot
969 2177 1058 2241 supra

85 2247 164 2310 dicta
178 2248 267 2322 (553,
282 2248 360 2321 554,
375 2247 449 2318 563,
465 2251 552 2324 etc).
569 2246 611 2307 lle
624 2244 682 2308 hoc
700 2247 809 2308 iterum
830 2263 1001 2308 sermonem
1015 2248 1058 2311 ia·

85 2337 214 2399 ciemus.
223 2331 640 2415 tractandodedeqrodotr'ona
650 2333 823 2417 depositione
830 2341 859 2397 ct
865 2336 1056 2418 suspensione.

88 2423 161 2487 Vide
177 2422 256 2484 inira
269 2425 370 2500 (6337,
385 2425 474 2492 6353,
492 2426 583 2498 6570,
599 2427 682 2500 etc).

127 2515 218 2576 taso.
235 2511 356 2584 Quaerit.
372 2515 405 2571 *1⁰
418 2513 526 2575 Utrum
540 2517 571 2574 et
583 2511 777 2593 quandonam
791 2511 882 2574 dandi
897 2511 957 2574 sint
969 2514 1057 2577 coad-

84 2603 201 2682 iutores
222 2601 252 2663 ei
272 2599 326 2682 qui
347 2597 487 2665 Officium
506 2599 637 2683 parochi-
652 2599 752 2664 debita
770 2620 831 2664 non
846 2607 942 2684 potest
963 2602 1058 2665 adim-

107 2691 195 2752 lere?

86 2711 107 2774 p
126 2781 217 2858 Rasp.
233 2779 258 2840 l.
279 2779 337 2840 Per
353 2775 557 2858 coadiutorem
571 2777 714 2861 parochi,
730 2775 905 2860 intelligitur
923 2779 1059 2845 sacerdos

86 2869 155 2950 qui,
182 2867 332 2930 Ordinarii
346 2867 538 2945 auctoritate,
553 2885 591 2930 ex
604 2866 703 2929 causis
722 2867 740 2928 'a
755 2866 823 2947 jura
836 2866 1059 2950 determinatis,

85 2957 249 3040 deputatur
262 2955 300 3018 ad
314 2955 518 3019 auxiliandum
534 2957 666 3038 parocho
676 2955 707 3017 in
717 2956 858 3018 exercitio
869 2977 950 3020 curae
964 2966 1060 3041 pasto·

87 3047 167 3109 ralis.
184 3049 227 3108 lta
240 3046 276 3105 ll.
289 3043 385 3106 Βουίκ
400 3044 501 3124 (itia,
513 3064 544 3126 p.
560 3047 684 3124 lhil-
694 3045 892 3125 Distinguitur
903 3065 921 3108 a
931 3048 1059 3128 simplici

88 3134 214 3210 sicario,
236 3133 308 3214 quia
327 3133 398 3210 iste,
422 3134 491 3213 iure
510 3134 685 3214 communi,
707 3136 869 3197 assumitur
889 3137 906 3197 a
928 3136 1059 3217 parocho

86 3223 127 3286 ob
150 3221 278 3284 nimiam
306 3221 409 3306 populi
434 3221 676 3301 multitudinem,
701 3231 753 3287 aut
779 3223 819 3286 oh
841 3223 913 3285 alias
937 3243 1057 3302 causas;

87 3311 250 3390 coadjutor
262 3313 333 3372 vero
345 3312 517 3372 auctoritate
531 3311 678 3373 ordinarii
693 3311 883 3394 deputandus
903 3319 962 3392 est,
977 3315 1057 3394 quod

87 3398 152 3462 lien
169 3399 278 3480 nequit
292 3399 346 3460 nisi
362 3398 392 3460 in
403 3400 522 3462 casibus
535 3401 551 3460 a
562 3401 631 3479 jure
645 3401 860 3463 determinatis.

128 3491 220 3552 1337.
237 3521 276 3532 —
289 3487 332 3552 ΙΙ.
341 3487 436 3550 Dandi
458 3495 528 3550 sunt
544 3489 737 3570 Coadjutores
755 3490 893 3569 parochis
907 3489 998 3551 etiam
1012 3491 1056 3551 in-

91 3576 172 3656 ritis,
187 3575 221 3638 in
237 3574 375 3658 pluribus
395 3575 529 3640 casibus·
544 3575 698 3640 uidelicet:
715 3582 745 3640 l·
758 3577 880 3658 quando
898 3575 937 3638 ob
951 3595 1058 3655 peren-
