2522 3996
459 311 546 359 mam
561 310 680 359 ramus.
1018 293 1057 358 ta

83 415 143 473 rala
157 409 309 490 regularia
321 427 388 472 esse
400 408 551 472 ordinarie
567 407 735 485 manualia3
751 406 814 470 imh
827 407 911 487 juxta
925 405 1055 489 plurium

82 501 310 562 canonistamm
331 499 527 575 sententiam,
542 499 632 560 etiam
653 496 804 560 manualia
822 503 893 558 sunt
911 495 1057 558 benelleia

84 589 241 650 saecularia
257 595 381 664 curata,
400 588 424 650 si
444 589 483 650 ita
500 595 621 651 cautum
640 587 695 650 luit
709 587 741 648 in
758 583 953 660 fundatione,
972 585 1057 646 aula

84 679 115 742 S.
141 677 220 740 Sede
246 677 447 759 disposilum,
468 685 519 740 aul
541 695 596 759 per
616 677 782 757 legitimam
802 675 1058 758 praescriptionem

84 766 254 828 ohtenlum.
270 767 346 829 l'ide
360 767 485 830 dicenda
500 767 576 828 inlra
591 769 702 844 (3377).

121 858 160 917 Et
183 855 267 937 qudd
287 856 325 917 de
340 856 418 918 lacto
435 857 601 918 exstiterint
620 863 650 918 et
662 853 828 917 hodiedum
847 857 966 916 exstent
979 851 1059 930 ejus-

84 944 167 1006 modi
194 945 348 1008 manualia
384 946 529 1008 henefrcia
557 946 647 1008 etiam
674 961 778 1007 curam
805 944 976 1006 animarum
1003 940 1059 1002 sihi

84 1051 236 1096 annexam
251 1033 408 1111 habentia,
424 1045 615 1116 perspectum
629 1033 750 1095 habehit
764 1033 815 1114 qui
830 1031 876 1093 rel
888 1029 983 1091 obiter
995 1048 1060 1110 per-

84 1123 403 1187 rolrerit'l'hesaurum
415 1125 631 1186 resolutionum
647 1125 677 1186 S.
689 1124 798 1201 Congr.
810 1122 901 1183 Cone.
913 1121 955 1180 lta
969 1118 1059 1180 llouix

85 1211 139 1290 (De
163 1213 315 1285 l’croclro,
331 1234 361 1296 p.
381 1217 534 1292 101109).
560 1215 640 1295 Ergo
662 1213 728 1276 sine
746 1209 893 1274 beneficio
916 1215 1061 1292 perpetuo

85 1301 179 1362 creari
195 1310 293 1382 polest
305 1302 465 1384 parochus.
481 1304 578 1384 Ergo,
594 1310 651 1365 ele.

126 1393 216 1453 1316.
239 1392 362 1463 Ouaerit.
378 1397 410 1454 3⁰
425 1397 471 1453 hu
485 1391 687 1474 parochorum
700 1389 898 1456 amorihilitas
912 1388 1061 1452 contraria

87 1480 121 1540 sil
136 1481 230 1543 sacris
242 1481 435 1544 canonilrus‘l

127 1571 218 1652 llesp.
243 1570 433 1632 llcrocabiles
456 1589 520 1633 esse
544 1577 671 1653 possunt
689 1569 813 1652 parochi
834 1567 879 1632 vel
894 1567 932 1630 ad
955 1574 1062 1630 nutum

86 1658 335 1734 Ordinariomm,
358 1659 403 1720 rel
424 1659 590 1722 adnutum
612 1659 811 1740 parochorum
832 1657 1059 1739 principalium,

88 1765 199 1828 nempe
213 1748 417 1828 Capitulorum
431 1796 438 1823 ,
454 1749 707 1813 monasteriorum
722 1747 885 1810 aliorumve
899 1745 1061 1807 similium:

88 1835 145 1898 hirc
158 1837 351 1900 distinctione
364 1837 450 1914 laeli,
466 1838 554 1898 variis
567 1837 756 1900 documentis
765 1835 894 1898 ostendit
906 1835 942 1897 D.
955 1835 1060 1914 Bouix,

91 1925 277 2007 aliquatenus
297 1926 421 2008 quidem
444 1945 577 1989 canones
600 1944 768 2009 repugnare
791 1923 1001 1988 revocabilitali
1026 1945 1062 1988 ex

91 2023 172 2093 parte
187 2015 389 2097 parochorum
404 2015 614 2097 principalium
631 2034 638 2075 :
655 2016 906 2077 nullatenhsverd
916 2015 1064 2078 revocabi-

89 2103 161 2165 lilati
184 2123 220 2166 ex
242 2113 327 2187 perte
349 2105 594 2181 ordinariorum,
621 2104 683 2166 imd
705 2106 723 2166 a
745 2104 868 2186 Synndo
889 2102 1063 2166 Tridentini

88 2193 268 2274 supponiab
280 2193 577 2276 Episcopocoustitui
588 2193 829 2276 posseparoehos
838 2192 946 2272 adeius
956 2202 1063 2256 nutum

88 2283 282 2345 revocabiles.
306 2283 356 2345 Sic
375 2283 458 2344 enim
476 2283 565 2344 habet
579 2285 610 2345 S.
627 2282 767 2363 Synodus
789 2285 873 2360 (sess.
896 2287 932 2355 7,
957 2303 984 2345 c.
1008 2286 1061 2365 ll:

91 2393 106 2428 a
128 2371 262 2434 Sollicite
285 2371 441 2454 prouidere
460 2379 622 2454 procurent
634 2372 796 2454 (Episcopi)
810 2377 844 2434 ul
863 2391 917 2454 per
939 2371 1064 2436 idoneos

88 2483 103 2521 r
128 2461 276 2538 licerios,
291 2462 382 2524 etiam
392 2470 562 2544 perpetuos,
577 2462 638 2522 nisi
648 2463 719 2543 ipsis
731 2481 786 2543 pro
797 2461 867 2522 dono
880 2461 1063 2525 ecclesiarum

88 2573 102 2608 a
128 2549 275 2630 repr'mine
297 2549 389 2611 aliter
412 2549 553 2632 expedire
576 2549 766 2612 videbitur.»
792 2551 886 2633 Capit.
909 2552 980 2613 read
1005 2556 1062 2630 ll,

88 2659 163 2701 sess.
180 2643 220 2700 25
236 2685 244 2718 ,
266 2638 302 2701 de
316 2637 435 2720 Repeti,
453 2638 593 2720 loquendo
605 2639 641 2701 de
657 2639 788 2701 domibus
801 2639 948 2720 relipiosia
962 2641 1064 2723 quidus

89 2730 226 2790 imminet
244 2728 412 2790 enr'morunr
439 2747 510 2789 rura
534 2748 724 2810 personarum
749 2729 935 2790 secularium
957 2729 1065 2795 dicit:

89 2816 216 2880 anecibi
239 2817 331 2898 aliqui
354 2819 445 2880 eliam
467 2815 507 2878 cd
530 2827 634 2880 nutum
662 2816 837 2880 revocabiles
861 2816 1063 2901 deputentur,

93 2927 108 2964 ι
129 2907 187 2968 nisi
202 2905 242 2968 de
255 2907 393 2986 ejusdem
406 2906 572 2988 (Episcopi)
586 2925 747 2970 censensu.
765 2927 781 2966 a

129 2997 168 3060 Et
180 2995 221 3058 de
239 2993 326 3068 laclo,
343 2995 374 3058 in
397 2997 517 3059 dioecesi
534 2996 702 3078 llispalensi
718 2997 748 3060 in
764 2997 918 3080 Hispania,
942 2999 1065 3063 Archia·

90 3085 235 3169 piscopus
252 3092 317 3147 erat
338 3085 410 3148 olim
425 3087 456 3146 iu
477 3087 666 3167 possessione
717 3087 892 3150 removendi
906 3087 942 3149 ad
959 3099 1065 3152 nulum

89 3193 200 3236 onrues
213 3182 350 3252 curatos,
369 3182 402 3237 ut
420 3173 520 3236 videre
535 3179 579 3236 est
601 3191 649 3256 ap.
666 3175 702 3237 D.
719 3178 814 3239 Bouix
837 3177 902 3256 (il,
921 3197 953 3259 p.
975 3183 1063 3258 110),

91 3274 118 3325 et
133 3263 192 3328 hoc
205 3263 315 3345 pariter
329 3263 359 3326 in
374 3263 511 3346 pluribus
524 3264 590 3326 aliis
604 3263 677 3326 locis
692 3266 782 3328 etiam
797 3267 829 3327 in
843 3266 936 3340 ltalia,
948 3274 979 3328 ut
991 3287 1068 3329 asse-

91 3355 168 3415 ritur
191 3353 222 3414 in
246 3353 397 3415 Analectr'a
411 3352 482 3435 jur.
503 3353 629 3437 pontis,
654 3363 730 3438 sept.
761 3359 857 3430 1855,
883 3356 941 3418 eol.
970 3359 1065 3432 1609,

93 3445 170 3506 1697
183 3488 192 3519 ,
206 3448 265 3506 ele.

133 3537 177 3596 lle
196 3535 320 3614 quidem
340 3539 410 3598 reri
432 3537 517 3614 (sess.
531 3539 587 3614 11,
602 3556 670 3621 cap.
687 3541 737 3616 13,
750 3543 786 3600 de
799 3537 872 3618 res.)
887 3557 896 3600 r
916 3561 932 3598 c
947 3541 1067 3602 Mandat

94 3645 109 3685 r
133 3626 166 3686 S.
183 3623 324 3706 synodus
344 3625 454 3704 (Trid.)
469 3627 624 3707 Episcopis
643 3646 698 3708 pro
713 3627 813 3689 lutiori
831 3627 999 3686 animarum
1019 3645 1068 3684 sa-

97 3734 112 3774 a
135 3713 211 3794 lule,
220 3719 264 3788 ul,
275 3713 416 3778 dislluclo
426 3717 539 3798 populo
553 3715 585 3778 ln
594 3723 690 3778 cerlas
697 3731 892 3794 propriasque
902 3709 1067 3782 parochias,
