2528 3996
212 193 271 258 tat
429 213 564 257 uxuuaxc
583 211 683 258 acrius
702 213 785 258 suuis
805 211 953 258 cxxoutcr.
1170 271 1177 282 ·
1240 261 1241 270 ἵ

250 311 339 371 2833.
358 343 391 356 -
404 313 434 370 ll·
450 308 589 389 lteligiosi
605 308 705 370 illicite
719 309 750 369 in·
765 307 936 372 clausuram
948 308 1091 374 feminas
1108 310 1215 374 intro·

112 468 118 482 N
210 397 355 460 ducentes
364 404 414 459 aut
428 396 632 470 admittentes,
644 397 709 478 ipso
723 395 800 458 lacto
814 398 975 460 incurrunt
985 399 1212 480 privationem
1240 413 1241 470 l

127 547 131 554 ,
211 485 378 548 officiorum
393 503 517 547 suorum
530 532 537 558 ‚
551 483 767 546 inhabilitatem
780 485 817 546 ad
833 488 897 567 ipsa
913 493 943 548 et
951 487 1210 568 suspensionem
1240 477 1241 558 l

212 577 229 636 a
251 574 368 638 divinis.
392 575 457 636 lmd
477 574 501 635 si
515 573 568 635 aad
582 581 734 654 praetecta
748 574 972 656 privilegiorum
986 575 1048 638 illae
1065 575 1210 638 femina>

213 663 428 744 ingrediantur,
438 662 568 744 religiosi
579 661 802 724 introducentes
811 663 1053 738 etadmittentes,
1064 683 1207 728 excom·
1240 657 1241 740 i

213 753 449 814 manicationem
460 751 548 832 Papae
562 757 740 814 reservatam
750 751 1091 833 ipsoiaatoincurrunt.
1105 754 1207 816 Extra

213 840 293 903 hunc
316 859 420 903 casum
442 841 670 902 controvertitur
687 858 725 901 an
744 837 914 920 hujusmodi
941 845 1208 906 excommunion-

214 930 325 992 tionem
340 930 495 990 incurrant
508 928 648 1009 religiosi.
666 928 789 1006 (Bouix‚
805 929 889 999 itia,
906 949 937 1011 p.
953 931 1038 1009 597.)

252 1022 341 1080 2834.
369 1040 383 1076 u
405 1017 532 1078 Nomine
552 1018 698 1079 clausurae
712 1025 916 1080 conventuum
931 1019 962 1081 in
976 1037 1070 1100 quam
1088 1028 1144 1082 est
1156 1021 1203 1083 se·

214 1128 229 1164 a
254 1107 345 1167 minis
359 1105 533 1168 interdictus
548 1105 716 1186 ingressus,
733 1107 907 1188 intelligitur
920 1115 1016 1171 totum
1031 1108 1115 1171 illud
1130 1129 1202 1191 spa-

214 1217 229 1253 »
252 1195 328 1256 tium
343 1195 423 1275 quod
440 1195 516 1257 intra
539 1205 621 1275 septa
644 1196 868 1258 montalent...
885 1201 1058 1259 continetur
1077 1217 1086 1259 :
1107 1198 1142 1260 id
1156 1209 1202 1260 est

214 1305 229 1342 n
254 1283 391 1361 claustra,
407 1284 501 1360 cellae,
516 1284 659 1357 cilicina,
675 1285 1146 1361 cenaculum...dormitorium,
1157 1289 1202 1348 in·

214 1395 229 1431 a
254 1371 394 1449 firmaria,
406 1374 534 1456 coquina
547 1380 576 1434 et
589 1372 771 1451 hujusmodi.
783 1395 798 1431 a
811 1375 943 1438 Ferraria
957 1375 995 1453 (ν’
1005 1375 1196 1444 Conventus,

215 1469 269 1524 art.
285 1465 324 1541 3,
341 1471 373 1524 n⁰
388 1466 428 1541 9).
448 1497 488 1508 -
505 1465 579 1524 Item
599 1461 693 1539 horti,
708 1461 862 1538 viridaria,
886 1471 970 1544 prata
992 1465 1016 1525 si
1039 1465 1105 1526 sint
1125 1483 1201 1527 eon·

215 1553 317 1631 iuncta
330 1551 489 1614 conventui
506 1572 514 1627 3
531 1569 617 1613 secus
632 1551 656 1611 si
670 1551 763 1624 clari,
779 1569 883 1627 muro,
898 1559 1034 1634 separata
1048 1555 1113 1614 sint
1128 1575 1137 1629 ;
1154 1575 1199 1616 sa-

216 1642 325 1716 cristia,
337 1643 360 1703 si
373 1660 433 1703 non
442 1640 517 1702 adsit
527 1658 664 1702 accessus
672 1639 889 1720 perscelesiam
897 1641 1039 1703 omnibus
1049 1641 1197 1706 fidelibus

216 1732 403 1813 permissam.
420 1729 560 1792 Serxaudi
572 1735 642 1790 sunt
655 1730 800 1789 clausurae
812 1729 920 1792 limites
930 1731 983 1790 etsi
999 1749 1111 1793 nxurus
1126 1753 1195 1795 cor-

216 1823 317 1882 ruerit.
343 1821 475 1882 Ferraris
498 1817 594 1896 (idid,
613 1816 653 1878 n'⁸
675 1819 788 1896 lt-att).
805 1817 880 1879 Vide
900 1819 990 1881 etiam
1012 1820 1136 1898 Bouix,
1152 1823 1196 1884 [a

218 1907 332 1990 Regni„
353 1917 427 1980 lom,
443 1913 478 1982 ⁶2,
494 1927 524 1990 p.
541 1910 684 1969 tat-599.

257 1997 378 2060 Herode
391 1999 458 2075 jure
472 1995 628 2058 communi
644 2017 652 2072 ;
669 1995 863 2058 consulendae
877 2001 948 2058 sunt
961 1997 1088 2078 insuper
1102 2018 1193 2080 pecu·

219 2086 301 2146 linria
320 2086 500 2166 religionum
521 2092 645 2162 statuta,
661 2105 729 2166 quae
744 2085 905 2166 aliquando
919 2086 1098 2148 strictiorem
1113 2089 1192 2151 clau·

216 2192 317 2236 suram
331 2174 362 2235 in
377 2173 557 2255 quilmsdam
571 2175 718 2236 Institutis
732 2173 939 2256 praescribunt.

256 2265 344 2325 2835.
359 2295 397 2308 -—
412 2265 446 2324 ll.
461 2263 504 2324 [le
517 2261 650 2324 clausura
664 2263 759 2344 quoad
770 2263 931 2332 moniales,-
946 2261 1087 2327 clausura
1100 2266 1189 2330 etiam

216 2351 316 2434 quoad
338 2351 483 2414 moniales
497 2370 559 2414 ncn
576 2359 621 2414 est
634 2350 672 2413 de
686 2351 813 2414 essentia
828 2353 929 2414 Statds
941 2353 1092 2433 religiosi,
1107 2357 1189 2417 sedi

214 2443 283 2520 iure
298 2441 423 2522 positivo
436 2441 563 2522 exigitur
573 2459 628 2523 pro
637 2440 823 2503 solemnitate
831 2447 970 2503 votorum
984 2443 1188 2523 (attotam).

217 2530 374 2604 Quomodo
389 2532 449 2592 ctd
467 2549 529 2611 quo
544 2529 633 2592 luerit
647 2547 702 2610 pro
716 2529 752 2591 iis
763 2530 897 2592 instituta
911 2529 1025 2592 ibidem
1044 2529 1189 2596 diximus,

217 2622 301 2682 Circa
314 2627 415 2682 autem
430 2620 638 2700 antiquitatem
659 2619 806 2680 clausurae
819 2618 998 2680 monialium
1010 2665 1019 2696 ‚
1033 2619 1191 2685 rideAna·

219 2710 291 2772 lecta
307 2712 396 2788 (jane.
409 2717 438 2770 et
451 2707 523 2770 fe'rr.
539 2710 634 2782 1858,
650 2707 708 2769 col.
725 2711 880 2786 austae).

257 2803 344 2861 2836.
372 2804 391 2857 a
422 2797 560 2858 clausura
581 2797 715 2858 virorum
738 2797 867 2859 multllm
887 2793 987 2858 differt
1009 2797 1188 2863 monialium

217 2887 355 2948 clausura
371 2907 378 2944 :
395 2887 465 2948 viris
476 2885 556 2947 enim
571 2904 631 2946 non
647 2885 781 2947 absolute
796 2885 971 2966 prohibetur
985 2885 1084 2948 exitus
1097 2890 1115 2949 ὲ
1127 2908 1188 2952 mc·

219 2976 358 3046 naslerio,
375 2974 426 3034 scd
440 2973 583 3036 duntaxat
596 2975 692 3036 exitus
707 2975 772 3036 sind
786 2973 906 3034 licentiat
919 2972 1106 3055 Superioris·
1116 2976 1187 3040 dum

218 3062 400 3124 monialibus
413 3063 503 3123 etiam
518 3063 615 3124 exitus
634 3081 704 3125 cum
724 3063 843 3124 licentia
860 3061 1022 3124 abbatissae
1036 3071 1082 3126 est
1096 3066 1187 3147 prohi-

219 3149 319 3212 bitus:
335 3149 415 3212 unde
436 3149 474 3210 ad
496 3149 555 3212 hoc
572 3151 706 3232 indigent
728 3151 951 3232 dispensatione
963 3150 1003 3212 ab
1016 3155 1185 3218 auctoritate

222 3239 414 3320 competenti.

257 3331 347 3388 2837.
364 3329 453 3388 Extra
467 3343 554 3388 casus
562 3326 580 3388 d
583 3327 656 3407 jure
665 3337 806 3409 acceptos,
819 3345 957 3409 egressus
969 3327 1111 3392 monialis
1123 3349 1185 3412 prc-

220 3415 304 3476 fessa
313 3417 409 3477 etiam
422 3433 574 3477 conrersae
587 3423 670 3476 extra
683 3417 871 3492 clausuram,
884 3423 930 3478 est
942 3425 1099 3498 peccalum
1113 3437 1184 3481 mor·

221 3504 289 3564 tale.
306 3506 347 3565 lta
358 3503 499 3566 Analecta
516 3503 1005 3584 p't.,001.ara)‚ex00nsnt.beo
1017 3507 1109 3568 sacru
1121 3508 1183 3572 Gre-

207 3609 286 3672 ⁴gor.
302 3593 386 3672 lllll,
409 3592 427 3678 ᾖ
449 3597 479 3671 6,
499 3599 530 3654 et
551 3591 687 3678 pluribus
709 3593 800 3656 decis.
826 3595 858 3658 S.
883 3595 1029 3682 Congreg.
1047 3595 1133 3676 Episa
1157 3601 1183 3658 et
