2486 3984
195 177 254 239 tot
414 195 552 242 utuntur
571 195 672 242 ranas
692 195 774 241 suuis
795 195 943 242 ctuoutct.

193 311 210 352 a
234 309 323 369 rum,
338 311 399 374 quo
422 293 506 375 prius
528 293 755 367 ordinabantur,
777 293 839 371 jam
854 309 923 354 eam
945 290 1180 354 adhibebant.»

235 383 323 444 trit.
348 383 423 444 Ciuu
444 390 546 444 tamen
567 381 699 444 secunda
721 381 868 443 sententia
890 382 927 443 sit
945 383 1034 443 etiam
1060 384 1184 464 proba-

195 468 263 533 bilis
275 519 283 546 ,
296 473 426 550 juxtas.
449 473 587 553 Lignor..
605 472 635 532 in
652 473 733 553 praxi
749 471 874 532 omnino
894 470 1050 554 sequenda
1063 481 1113 532 est
1134 479 1186 534 ut-

196 561 266 642 pote
285 563 386 622 tutior.
413 584 428 620 u
447 565 650 643 Quapropter,
671 563 785 642 inquit,
801 559 879 622 bend
898 560 1023 621 aduertit
1044 561 1183 624 Croix...

197 671 213 708 a
238 649 319 731 qudd
333 650 482 713 ordinatio
496 651 570 712 iacta
590 653 655 712 sine
669 649 801 712 secunda
816 667 962 710 manuum
982 651 1186 731 impositione

197 759 213 799 a
236 747 298 802 tota
312 739 474 821 repetenda
496 747 555 816 est,
576 748 609 801 ut
626 743 715 801 etiam
735 738 893 800 declaravit
912 741 942 801 S.
960 740 993 800 C.
1014 739 1096 820 apud
1129 742 1187 801 Ee-

198 851 213 888 a
238 828 308 890 ned.
325 831 389 890 XtV
412 830 469 907 (Dr
492 829 580 910 Syra,
598 828 684 902 ibid,
708 837 740 888 ηο
760 831 820 905 13).
846 829 931 890 Ratio
946 829 1018 908 quia
1037 829 1091 910 qui
1117 848 1186 891 nou

198 939 213 976 a
239 919 354 998 accepit
363 925 538 1000 potestatem
550 935 641 999 supra
649 918 763 999 Corpus
773 917 879 979 Christi
890 935 1007 993 verum,
1017 935 1075 981 nec
1083 919 1186 980 etiam

199 1029 214 1064 u
240 1007 336 1087 potuit
360 1009 495 1089 accipere
516 1013 694 1088 potestatem
712 1025 802 1087 super
816 1006 931 1088 Corpus
945 1005 1052 1068 Christi
1073 1010 1188 1088 mysti-

199 1117 215 1152 s
240 1113 322 1158 curn.
348 1097 378 1158 Si
401 1098 470 1158 verb
493 1095 641 1157 ordinatio
661 1094 739 1157 facte
758 1095 813 1156 tuit
832 1096 898 1158 siue
920 1096 1005 1156 tertia
1026 1113 1185 1158 manuum

200 1204 215 1242 a
240 1183 442 1266 impositione,
458 1185 523 1246 haec
536 1186 654 1246 tantirm
670 1183 837 1264 supplenda
851 1193 905 1245 est.
923 1205 938 1240 u
957 1186 987 1246 S.
1005 1183 1083 1265 sig„
1100 1185 1183 1246 ibid.

241 1275 344 1345 Quoad
360 1274 550 1336 traditionem
564 1274 834 1334 instrumentorum
849 1322 854 1340 ,
871 1273 938 1334 vide
953 1273 1062 1334 multas
1075 1293 1184 1354 quaes-

201 1363 298 1424 tiones
313 1364 457 1442 practices
478 1381 526 1444 ap.
543 1363 574 1424 S.
591 1363 712 1443 Lignor.
729 1361 795 1439 (tt,
812 1361 852 1422 n'·
867 1365 1023 1441 rso-759),
1046 1369 1076 1424 et
1099 1365 1185 1426 intra

202 1454 407 1528 (mostata).

244 1545 329 1603 tria.
348 1541 427 1602 Nota
442 1541 523 1622 quod
538 1541 568 1602 in
578 1540 634 1603 uto
645 1539 849 1615 ordinatione,
865 1558 1012 1603 manuum
1027 1541 1185 1624 impositio

203 1630 341 1712 Episcopi
358 1639 387 1692 et
401 1631 645 1712 presbytororum
660 1629 840 1691 adstantium
856 1647 972 1690 cessare
986 1629 1093 1707 debet,
1113 1639 1184 1712 post

204 1719 343 1795 Oramus,
360 1721 471 1798 fratres
492 1717 648 1778 carissimi.
666 1717 740 1778 Vide
761 1719 938 1779 Boissonnet
952 1719 1115 1795 (Dictiona.
1134 1720 1184 1782 des

202 1807 322 1879 decreta
334 1809 362 1868 νο
372 1807 574 1876 ordination,
591 1805 641 1867 ubi
656 1807 763 1868 citatur
778 1807 956 1877 Gardeiiini,
970 1821 1001 1866 n·
1017 1811 1117 1887 4806).

244 1899 331 1956 1713.
357 1895 518 1972 Praecipuae
539 1893 709 1956 functiones
731 1895 899 1976 Presbyteri
920 1904 1131 1958 memorantur
1154 1899 1181 1959 in

205 1983 375 2065 Pontifieoli
386 2003 396 2044 .·
415 2005 429 2042 a
449 1983 639 2045 Sacerdotem
663 1983 745 2044 enim
768 1993 883 2065 oportet
909 1983 1182 2063 offerrepbenedi-

204 2095 219 2132 r
244 2091 329 2144 cere,
347 2091 494 2154 praeesse,
510 2071 673 2152 praedicare
683 2080 711 2133 et
725 2072 883 2154 baptizare.
900 2096 915 2134 a

243 2163 266 2222 1.
289 2163 323 2222 In
348 2162 497 2241 primitiva
525 2161 656 2223 Ecclesia
683 2179 779 2224 unum
806 2171 869 2224 erat
895 2163 1006 2239 attare3
1028 2163 1182 2248 Episcopo

205 2267 288 2312 sacra
298 2250 414 2312 facienti
427 2251 601 2312 assistebant
617 2250 778 2330 presbyteri
790 2253 925 2330 ejusdem
939 2252 1099 2315 oblationis
1108 2273 1182 2317 con-

205 2348 308 2401 sortes.
335 2339 536 2420 Muttipiicatis
557 2347 658 2420 postea
685 2340 843 2414 altaribus,
859 2347 1001 2403 statutum
1024 2339 1080 2403 fuit
1097 2345 1182 2424 qudd

210 2448 225 2486 u
246 2428 373 2490 inuitari
397 2430 427 2490 in
447 2448 508 2510 quo
528 2430 692 2509 Episcopus
707 2429 829 2491 missam
849 2432 994 2505 cantauit,
1011 2429 1181 2512 presbyter,

205 2538 220 2577 u
246 2519 429 2594 eodemdie‚
451 2519 573 2578 missam
588 2517 739 2579 celebrare
755 2537 815 2580 non
836 2527 1023 2600 praesumat»
1044 2521 1128 2602 (Cap.
1148 2524 1181 2584 iu

205 2607 299 2670 altori
317 2613 367 2684 97,
385 2605 420 2670 de
440 2627 575 2675 consecr„
599 2605 668 2667 dist.
691 2611 731 2684 E).
752 2607 816 2670 Hoc
829 2626 981 2669 canonum
1002 2606 1182 2691 interpretes

207 2697 377 2779 intelligunt
397 2697 434 2758 de
463 2697 527 2758 soit
550 2697 641 2757 missa
663 2696 790 2757 sotenurt
813 2696 1002 2772 Pontificali‚
1025 2700 1181 2780 supposito

207 2787 288 2867 qubd
313 2788 479 2868 Episcopus
510 2803 570 2848 non
604 2783 688 2846 daret
722 2785 883 2848 licentiam.
913 2785 989 2848 Vide
1014 2787 1179 2868 Lequeux,

208 2879 346 2938 mitid&

248 2974 436 3036 trra-11.
468 2973 627 3036 «Licita...
651 2973 755 3055 nequit
770 2973 939 3053 Baptismus
961 2972 1124 3038 ministrari
1144 2975 1182 3038 ab

207 3086 222 3124 r
248 3063 306 3126 alio
320 3063 439 3144 quamb
453 3061 606 3125 sacerdote
620 3071 704 3125 extra
718 3063 880 3126 articulum
894 3064 1038 3126 mortis...
1053 3065 1100 3126 Ex
1112 3083 1181 3147 cap.

239 3260 248 3288 ⁴
266 3247 334 3301 Circa
351 3246 449 3297 missam
467 3245 629 3299 ordinationis
641 3263 714 3315 quam
733 3246 840 3299 ordinati
858 3262 914 3298 cum
928 3245 1050 3317 Episcopo
1064 3251 1182 3303 concele-

210 3320 290 3377 brant,
304 3318 358 3369 vide
372 3319 479 3369 Ferraris
493 3321 529 3382 (νο
543 3320 617 3374 Ordo.
630 3327 676 3370 art.
689 3320 718 3380 E,
737 3321 772 3369 nb
786 3319 831 3368 ttt
845 3326 868 3368 et
881 3320 944 3384 tta).
1109 3329 1115 3340 ’

240 3391 307 3442 Circa
316 3397 396 3440 autem
407 3390 493 3441 missas
502 3391 649 3442 simultaned
659 3391 682 3441 iu
692 3392 776 3442 eadem
784 3391 897 3450 erotesis,
905 3391 1042 3444 celebratas
1050 3391 1087 3446 sic
1094 3393 1183 3460 legitur

211 3463 234 3513 in
247 3476 320 3526 opere
336 3459 509 3514 Ordonuauers
519 3464 546 3512 dc
565 3463 683 3523 Vatence,
696 3478 717 3528 p.
731 3461 794 3512 230:
812 3481 822 3508 r
838 3462 873 3512 On
887 3461 940 3512 doit
950 3469 1051 3515 surtout
1061 3465 1113 3518 s'eu
1125 3467 1183 3518 abs-

214 3552 223 3582 ι
242 3533 304 3583 tenir
323 3533 404 3598 quand
426 3533 460 3584 ies
483 3534 592 3598 Eudonos
610 3533 733 3593 adicient,
750 3547 783 3584 ou
802 3536 881 3583 meme
897 3535 979 3599 quand
997 3533 1029 3586 ils
1041 3535 1183 3592 dicentum

215 3625 224 3658 r
242 3619 322 3654 messe
329 3604 409 3666 basse,
419 3606 483 3668 (Act.
495 3607 523 3656 de
535 3605 620 3666 didon,
633 3604 743 3656 lVCouc.
757 3603 881 3666 Proviso..
891 3611 954 3670 part.
966 3605 1000 3668 ἓ).
1015 3625 1027 3656 ι
