<?xml version="1.0" encoding="UTF-8"?>
<!DOCTYPE html PUBLIC "-//W3C//DTD XHTML 1.0 Transitional//EN"
    "http://www.w3.org/TR/xhtml1/DTD/xhtml1-transitional.dtd">
<html xmlns="http://www.w3.org/1999/xhtml" xml:lang="en" lang="en">
 <head>
  <title>
</title>
<meta http-equiv="Content-Type" content="text/html;charset=utf-8" />
  <meta name='ocr-system' content='tesseract 3.04.00' />
  <meta name='ocr-capabilities' content='ocr_page ocr_carea ocr_par ocr_line ocrx_word'/>
</head>
<body>
  <div class='ocr_page' id='page_1' title='image "./manualetotiusju01craigoog_0513.png"; bbox 0 0 2522 3992; ppageno 0'>
   <div class='ocr_carea' id='block_1_1' title="bbox 232 211 978 274">
    <p class='ocr_par' dir='ltr' id='par_1_1' title="bbox 232 211 978 274">
     <span class='ocr_line' id='line_1_1' title="bbox 232 211 978 274; baseline -0.009 -1"><span class='ocrx_word' id='word_1_1' title='bbox 232 211 291 274; x_wconf 78' lang='lat' dir='ltr'><strong>bol</strong></span> <span class='ocrx_word' id='word_1_2' title='bbox 450 225 587 272; x_wconf 75' lang='lat' dir='ltr'><strong>annuato</strong></span> <span class='ocrx_word' id='word_1_3' title='bbox 607 223 708 269; x_wconf 87' lang='lat' dir='ltr'><strong>rorros</strong></span> <span class='ocrx_word' id='word_1_4' title='bbox 727 221 809 270; x_wconf 81' lang='lat' dir='ltr'><strong>roais</strong></span> <span class='ocrx_word' id='word_1_5' title='bbox 830 221 978 270; x_wconf 75' lang='lat' dir='ltr'><strong>caccaret.</strong></span> 
     </span>
    </p>
   </div>
   <div class='ocr_carea' id='block_1_2' title="bbox 161 307 1245 3518">
    <p class='ocr_par' dir='ltr' id='par_1_2' title="bbox 228 307 1240 584">
     <span class='ocr_line' id='line_1_2' title="bbox 230 307 1213 408; baseline 0.002 -19"><span class='ocrx_word' id='word_1_6' title='bbox 230 327 354 408; x_wconf 89' lang='lat' dir='ltr'><strong>cipuum</strong></span> <span class='ocrx_word' id='word_1_7' title='bbox 377 307 408 388; x_wconf 84' lang='lat' dir='ltr'><strong>in</strong></span> <span class='ocrx_word' id='word_1_8' title='bbox 429 325 558 400; x_wconf 73' lang='lat' dir='ltr'><strong>tabellis,</strong></span> <span class='ocrx_word' id='word_1_9' title='bbox 581 325 605 386; x_wconf 91' lang='lat' dir='ltr'><strong>si</strong></span> <span class='ocrx_word' id='word_1_10' title='bbox 629 323 772 386; x_wconf 74' lang='lat' dir='ltr'>habeatur</span> <span class='ocrx_word' id='word_1_11' title='bbox 795 329 828 386; x_wconf 90' lang='lat' dir='ltr'><strong>ut</strong></span> <span class='ocrx_word' id='word_1_12' title='bbox 847 341 925 404; x_wconf 91' lang='lat' dir='ltr'><strong>opus</strong></span> <span class='ocrx_word' id='word_1_13' title='bbox 947 319 1124 404; x_wconf 77' lang='lat' dir='ltr'><strong>spirituale,</strong></span> <span class='ocrx_word' id='word_1_14' title='bbox 1148 345 1213 392; x_wconf 86' lang='lat' dir='ltr'><strong>non</strong></span> 
     </span>
     <span class='ocr_line' id='line_1_3' title="bbox 228 411 1240 504; baseline 0.001 -26"><span class='ocrx_word' id='word_1_15' title='bbox 228 415 315 482; x_wconf 85' lang='lat' dir='ltr'><strong>¹video</strong></span> <span class='ocrx_word' id='word_1_16' title='bbox 338 414 410 496; x_wconf 90' lang='lat' dir='ltr'><strong>quid</strong></span> <span class='ocrx_word' id='word_1_17' title='bbox 434 413 593 495; x_wconf 87' lang='lat' dir='ltr'><strong>impediret</strong></span> <span class='ocrx_word' id='word_1_18' title='bbox 616 412 691 494; x_wconf 91' lang='lat' dir='ltr'><strong>quin</strong></span> <span class='ocrx_word' id='word_1_19' title='bbox 711 411 877 494; x_wconf 80' lang='lat' dir='ltr'><strong>proprietas</strong></span> <span class='ocrx_word' id='word_1_20' title='bbox 894 411 1043 475; x_wconf 77' lang='lat' dir='ltr'><strong>tribuatur</strong></span> <span class='ocrx_word' id='word_1_21' title='bbox 1065 413 1214 498; x_wconf 82' lang='lat' dir='ltr'><strong>religioso</strong></span> <span class='ocrx_word' id='word_1_22' title='bbox 1239 485 1240 504; x_wconf 13' lang='grc' dir='ltr'>χ</span> 
     </span>
     <span class='ocr_line' id='line_1_4' title="bbox 231 502 552 584; baseline -0.009 -18"><span class='ocrx_word' id='word_1_23' title='bbox 231 503 282 584; x_wconf 92' lang='lat' dir='ltr'><strong>qui</strong></span> <span class='ocrx_word' id='word_1_24' title='bbox 301 504 366 566; x_wconf 90' lang='lat' dir='ltr'><strong>illas</strong></span> <span class='ocrx_word' id='word_1_25' title='bbox 380 502 552 566; x_wconf 85' lang='lat' dir='ltr'><strong>elaboravit.</strong></span> 
     </span>
    </p>

    <p class='ocr_par' dir='ltr' id='par_1_3' title="bbox 231 588 1241 1026">
     <span class='ocr_line' id='line_1_5' title="bbox 269 588 1213 674; baseline 0.002 -20"><span class='ocrx_word' id='word_1_26' title='bbox 269 591 609 674; x_wconf 72' lang='lat' dir='ltr'><strong>arsa-3⁰ttetigiosus</strong></span> <span class='ocrx_word' id='word_1_27' title='bbox 617 589 665 652; x_wconf 87' lang='lat' dir='ltr'><strong>cui</strong></span> <span class='ocrx_word' id='word_1_28' title='bbox 673 589 806 669; x_wconf 77' lang='lat' dir='ltr'><strong>legitime</strong></span> <span class='ocrx_word' id='word_1_29' title='bbox 816 588 1213 656; x_wconf 85' lang='lat' dir='ltr'><strong>collatumluitbenetlciurn</strong></span> 
     </span>
     <span class='ocr_line' id='line_1_6' title="bbox 231 677 1212 762; baseline 0 -18"><span class='ocrx_word' id='word_1_30' title='bbox 231 681 583 762; x_wconf 70' lang='lat' dir='ltr'><strong>ecclesiasticumpotest</strong></span> <span class='ocrx_word' id='word_1_31' title='bbox 595 678 668 740; x_wconf 92' lang='lat' dir='ltr'><strong>illud</strong></span> <span class='ocrx_word' id='word_1_32' title='bbox 682 677 889 741; x_wconf 87' lang='lat' dir='ltr'><strong>administrare</strong></span> <span class='ocrx_word' id='word_1_33' title='bbox 899 685 928 742; x_wconf 86' lang='lat' dir='ltr'><strong>et</strong></span> <span class='ocrx_word' id='word_1_34' title='bbox 939 678 977 741; x_wconf 89' lang='lat' dir='ltr'><strong>de</strong></span> <span class='ocrx_word' id='word_1_35' title='bbox 987 679 1067 742; x_wconf 90' lang='lat' dir='ltr'><strong>illius</strong></span> <span class='ocrx_word' id='word_1_36' title='bbox 1085 682 1212 744; x_wconf 83' lang='lat' dir='ltr'><strong>redditi·</strong></span> 
     </span>
     <span class='ocr_line' id='line_1_7' title="bbox 233 764 1241 852; baseline 0.001 -21"><span class='ocrx_word' id='word_1_37' title='bbox 233 769 457 851; x_wconf 86' lang='lat' dir='ltr'><strong>busdisponere</strong></span> <span class='ocrx_word' id='word_1_38' title='bbox 465 767 703 851; x_wconf 88' lang='lat' dir='ltr'><strong>independenter</strong></span> <span class='ocrx_word' id='word_1_39' title='bbox 712 769 729 828; x_wconf 81' lang='lat' dir='ltr'><strong>d</strong></span> <span class='ocrx_word' id='word_1_40' title='bbox 738 768 909 848; x_wconf 83' lang='lat' dir='ltr'><strong>Superiore,</strong></span> <span class='ocrx_word' id='word_1_41' title='bbox 921 769 993 849; x_wconf 88' lang='lat' dir='ltr'><strong>quia</strong></span> <span class='ocrx_word' id='word_1_42' title='bbox 1001 785 1051 830; x_wconf 87' lang='lat' dir='ltr'><strong>res</strong></span> <span class='ocrx_word' id='word_1_43' title='bbox 1064 777 1113 832; x_wconf 90' lang='lat' dir='ltr'><strong>est</strong></span> <span class='ocrx_word' id='word_1_44' title='bbox 1126 773 1213 852; x_wconf 87' lang='lat' dir='ltr'><strong>spiri·</strong></span> <span class='ocrx_word' id='word_1_45' title='bbox 1240 764 1241 812; x_wconf 47' lang='grc' dir='ltr'>ἕ</span> 
     </span>
     <span class='ocr_line' id='line_1_8' title="bbox 232 855 1213 940; baseline 0.001 -20"><span class='ocrx_word' id='word_1_46' title='bbox 232 859 303 921; x_wconf 89' lang='lat' dir='ltr'><strong>tuali</strong></span> <span class='ocrx_word' id='word_1_47' title='bbox 319 877 453 933; x_wconf 80' lang='lat' dir='ltr'><strong>anneaa3</strong></span> <span class='ocrx_word' id='word_1_48' title='bbox 471 864 645 919; x_wconf 89' lang='lat' dir='ltr'><strong>nontamen</strong></span> <span class='ocrx_word' id='word_1_49' title='bbox 660 861 756 938; x_wconf 85' lang='lat' dir='ltr'><strong>potest</strong></span> <span class='ocrx_word' id='word_1_50' title='bbox 770 855 800 916; x_wconf 96' lang='lat' dir='ltr'><strong>id</strong></span> <span class='ocrx_word' id='word_1_51' title='bbox 814 857 913 934; x_wconf 59' lang='lat' dir='ltr'><strong>licite2</strong></span> <span class='ocrx_word' id='word_1_52' title='bbox 931 856 987 931; x_wconf 81' lang='lat' dir='ltr'><strong>nisi</strong></span> <span class='ocrx_word' id='word_1_53' title='bbox 1001 856 1040 918; x_wconf 90' lang='lat' dir='ltr'><strong>ad</strong></span> <span class='ocrx_word' id='word_1_54' title='bbox 1055 859 1213 940; x_wconf 81' lang='lat' dir='ltr'><strong>propriam</strong></span> 
     </span>
     <span class='ocr_line' id='line_1_9' title="bbox 232 943 1211 1026; baseline 0 -18"><span class='ocrx_word' id='word_1_55' title='bbox 232 948 479 1010; x_wconf 80' lang='lat' dir='ltr'><strong>sustentationem</strong></span> <span class='ocrx_word' id='word_1_56' title='bbox 493 951 524 1007; x_wconf 91' lang='lat' dir='ltr'><strong>et</strong></span> <span class='ocrx_word' id='word_1_57' title='bbox 537 945 603 1026; x_wconf 92' lang='lat' dir='ltr'><strong>pios</strong></span> <span class='ocrx_word' id='word_1_58' title='bbox 617 943 778 1007; x_wconf 81' lang='lat' dir='ltr'><strong>ususvide</strong></span> <span class='ocrx_word' id='word_1_59' title='bbox 793 946 823 1006; x_wconf 91' lang='lat' dir='ltr'><strong>S.</strong></span> <span class='ocrx_word' id='word_1_60' title='bbox 842 945 976 1025; x_wconf 68' lang='lat' dir='ltr'><strong>ligone,</strong></span> <span class='ocrx_word' id='word_1_61' title='bbox 992 944 1044 1006; x_wconf 91' lang='lat' dir='ltr'><strong>lib.</strong></span> <span class='ocrx_word' id='word_1_62' title='bbox 1060 951 1095 1024; x_wconf 74' lang='lat' dir='ltr'><strong>l,</strong></span> <span class='ocrx_word' id='word_1_63' title='bbox 1112 959 1148 1008; x_wconf 85' lang='lat' dir='ltr'><strong>n⁰</strong></span> <span class='ocrx_word' id='word_1_64' title='bbox 1166 953 1211 1011; x_wconf 78' lang='lat' dir='ltr'><strong>lb.</strong></span> 
     </span>
    </p>

    <p class='ocr_par' dir='ltr' id='par_1_4' title="bbox 232 1033 1242 1275">
     <span class='ocr_line' id='line_1_10' title="bbox 271 1033 1242 1118; baseline 0.001 -21"><span class='ocrx_word' id='word_1_65' title='bbox 271 1038 362 1097; x_wconf 72' lang='lat'>2753.</span> <span class='ocrx_word' id='word_1_66' title='bbox 379 1034 501 1106; x_wconf 72' lang='lat' dir='ltr'><strong>Quaerit.</strong></span> <span class='ocrx_word' id='word_1_67' title='bbox 518 1039 550 1096; x_wconf 78' lang='lat'><strong>2⁰</strong></span> <span class='ocrx_word' id='word_1_68' title='bbox 571 1041 618 1095; x_wconf 79' lang='lat' dir='ltr'><strong>dn</strong></span> <span class='ocrx_word' id='word_1_69' title='bbox 633 1035 671 1095; x_wconf 86' lang='lat' dir='ltr'><strong>sit</strong></span> <span class='ocrx_word' id='word_1_70' title='bbox 688 1033 803 1095; x_wconf 92' lang='lat' dir='ltr'><strong>licitum</strong></span> <span class='ocrx_word' id='word_1_71' title='bbox 824 1033 971 1115; x_wconf 79' lang='lat' dir='ltr'><strong>religiosis</strong></span> <span class='ocrx_word' id='word_1_72' title='bbox 988 1033 1104 1098; x_wconf 86' lang='lat' dir='ltr'><strong>babere</strong></span> <span class='ocrx_word' id='word_1_73' title='bbox 1119 1055 1212 1118; x_wconf 86' lang='lat' dir='ltr'><strong>pecu-</strong></span> <span class='ocrx_word' id='word_1_74' title='bbox 1241 1070 1242 1112; x_wconf 56' lang='lat' dir='ltr'><strong>q</strong></span> 
     </span>
     <span class='ocr_line' id='line_1_11' title="bbox 233 1121 1242 1204; baseline 0.004 -20"><span class='ocrx_word' id='word_1_75' title='bbox 233 1123 327 1200; x_wconf 77' lang='lat' dir='ltr'><strong>lium,</strong></span> <span class='ocrx_word' id='word_1_76' title='bbox 343 1123 372 1184; x_wconf 93' lang='lat' dir='ltr'><strong>id</strong></span> <span class='ocrx_word' id='word_1_77' title='bbox 387 1130 431 1186; x_wconf 89' lang='lat' dir='ltr'><strong>est</strong></span> <span class='ocrx_word' id='word_1_78' title='bbox 444 1123 559 1185; x_wconf 91' lang='lat' dir='ltr'><strong>bonum</strong></span> <span class='ocrx_word' id='word_1_79' title='bbox 574 1121 739 1204; x_wconf 89' lang='lat' dir='ltr'><strong>temporale</strong></span> <span class='ocrx_word' id='word_1_80' title='bbox 755 1121 792 1184; x_wconf 87' lang='lat' dir='ltr'><strong>ad</strong></span> <span class='ocrx_word' id='word_1_81' title='bbox 807 1121 1060 1204; x_wconf 76' lang='lat' dir='ltr'><strong>uniuscujusque,</strong></span> <span class='ocrx_word' id='word_1_82' title='bbox 1077 1143 1145 1186; x_wconf 94' lang='lat' dir='ltr'><strong>non</strong></span> <span class='ocrx_word' id='word_1_83' title='bbox 1160 1144 1214 1188; x_wconf 84' lang='lat' dir='ltr'><strong>au·</strong></span> <span class='ocrx_word' id='word_1_84' title='bbox 1241 1133 1242 1144; x_wconf 61' lang='lat'>¹</span> 
     </span>
     <span class='ocr_line' id='line_1_12' title="bbox 232 1210 1067 1275; baseline -0.002 -1"><span class='ocrx_word' id='word_1_85' title='bbox 232 1219 293 1274; x_wconf 90' lang='lat' dir='ltr'><strong>tem</strong></span> <span class='ocrx_word' id='word_1_86' title='bbox 308 1212 345 1273; x_wconf 94' lang='lat' dir='ltr'><strong>ad</strong></span> <span class='ocrx_word' id='word_1_87' title='bbox 359 1231 538 1275; x_wconf 88' lang='lat' dir='ltr'><strong>communes</strong></span> <span class='ocrx_word' id='word_1_88' title='bbox 552 1230 625 1274; x_wconf 88' lang='lat' dir='ltr'><strong>usus</strong></span> <span class='ocrx_word' id='word_1_89' title='bbox 639 1211 811 1273; x_wconf 87' lang='lat' dir='ltr'><strong>monasterii</strong></span> <span class='ocrx_word' id='word_1_90' title='bbox 827 1210 1010 1272; x_wconf 86' lang='lat' dir='ltr'><strong>destinatum</strong></span> <span class='ocrx_word' id='word_1_91' title='bbox 1025 1215 1035 1250; x_wconf 82' lang='lat'>¹</span> <span class='ocrx_word' id='word_1_92' title='bbox 1051 1213 1067 1272; x_wconf 77' lang='lat' dir='ltr'><strong>l</strong></span> 
     </span>
    </p>

    <p class='ocr_par' dir='ltr' id='par_1_5' title="bbox 161 1297 1245 3076">
     <span class='ocr_line' id='line_1_13' title="bbox 272 1297 1214 1382; baseline 0.003 -20"><span class='ocrx_word' id='word_1_93' title='bbox 272 1305 361 1382; x_wconf 85' lang='lat' dir='ltr'><strong>Besp.</strong></span> <span class='ocrx_word' id='word_1_94' title='bbox 380 1305 410 1362; x_wconf 83' lang='lat' dir='ltr'><strong>t⁰</strong></span> <span class='ocrx_word' id='word_1_95' title='bbox 429 1302 514 1362; x_wconf 79' lang='lat' dir='ltr'><strong>Certe</strong></span> <span class='ocrx_word' id='word_1_96' title='bbox 538 1299 673 1362; x_wconf 87' lang='lat' dir='ltr'><strong>illicitum</strong></span> <span class='ocrx_word' id='word_1_97' title='bbox 692 1307 737 1361; x_wconf 86' lang='lat' dir='ltr'><strong>est</strong></span> <span class='ocrx_word' id='word_1_98' title='bbox 758 1297 905 1382; x_wconf 78' lang='lat' dir='ltr'><strong>religiosis</strong></span> <span class='ocrx_word' id='word_1_99' title='bbox 924 1299 1081 1380; x_wconf 89' lang='lat' dir='ltr'><strong>peculium</strong></span> <span class='ocrx_word' id='word_1_100' title='bbox 1100 1299 1214 1365; x_wconf 81' lang='lat' dir='ltr'><strong>babere</strong></span> 
     </span>
     <span class='ocr_line' id='line_1_14' title="bbox 233 1376 1243 1472; baseline -0.001 -19"><span class='ocrx_word' id='word_1_101' title='bbox 233 1407 304 1453; x_wconf 85' lang='lat' dir='ltr'><strong>curn</strong></span> <span class='ocrx_word' id='word_1_102' title='bbox 320 1389 533 1472; x_wconf 89' lang='lat' dir='ltr'><strong>independenti</strong></span> <span class='ocrx_word' id='word_1_103' title='bbox 548 1388 642 1470; x_wconf 91' lang='lat' dir='ltr'><strong>ipsius</strong></span> <span class='ocrx_word' id='word_1_104' title='bbox 656 1405 713 1449; x_wconf 90' lang='lat' dir='ltr'><strong>usu</strong></span> <span class='ocrx_word' id='word_1_105' title='bbox 730 1407 737 1448; x_wconf 91' lang='lat'>:</span> <span class='ocrx_word' id='word_1_106' title='bbox 753 1395 798 1449; x_wconf 87' lang='lat' dir='ltr'><strong>est</strong></span> <span class='ocrx_word' id='word_1_107' title='bbox 812 1387 841 1449; x_wconf 92' lang='lat' dir='ltr'><strong>id</strong></span> <span class='ocrx_word' id='word_1_108' title='bbox 855 1393 938 1449; x_wconf 83' lang='lat' dir='ltr'><strong>extra</strong></span> <span class='ocrx_word' id='word_1_109' title='bbox 951 1405 1078 1450; x_wconf 90' lang='lat' dir='ltr'><strong>omnem</strong></span> <span class='ocrx_word' id='word_1_110' title='bbox 1094 1399 1213 1452; x_wconf 90' lang='lat' dir='ltr'><strong>contro·</strong></span> <span class='ocrx_word' id='word_1_111' title='bbox 1242 1376 1243 1440; x_wconf 62' lang='grc' dir='ltr'>Ῐ</span> 
     </span>
     <span class='ocr_line' id='line_1_15' title="bbox 234 1475 1210 1559; baseline 0.002 -20"><span class='ocrx_word' id='word_1_112' title='bbox 234 1478 360 1540; x_wconf 80' lang='lat' dir='ltr'><strong>versiam</strong></span> <span class='ocrx_word' id='word_1_113' title='bbox 377 1478 455 1559; x_wconf 85' lang='lat' dir='ltr'><strong>apud</strong></span> <span class='ocrx_word' id='word_1_114' title='bbox 468 1480 619 1554; x_wconf 83' lang='lat' dir='ltr'><strong>Doctores,</strong></span> <span class='ocrx_word' id='word_1_115' title='bbox 630 1485 658 1538; x_wconf 91' lang='lat' dir='ltr'><strong>et</strong></span> <span class='ocrx_word' id='word_1_116' title='bbox 667 1483 783 1538; x_wconf 83' lang='lat' dir='ltr'><strong>constat</strong></span> <span class='ocrx_word' id='word_1_117' title='bbox 795 1475 1051 1538; x_wconf 78' lang='lat' dir='ltr'><strong>concibTrident.</strong></span> <span class='ocrx_word' id='word_1_118' title='bbox 1062 1477 1153 1556; x_wconf 72' lang='lat' dir='ltr'><strong>(sess.</strong></span> <span class='ocrx_word' id='word_1_119' title='bbox 1164 1483 1210 1552; x_wconf 78' lang='lat'><strong>25,</strong></span> 
     </span>
     <span class='ocr_line' id='line_1_16' title="bbox 233 1563 1210 1648; baseline 0.002 -19"><span class='ocrx_word' id='word_1_120' title='bbox 233 1586 260 1629; x_wconf 87' lang='lat' dir='ltr'><strong>c.</strong></span> <span class='ocrx_word' id='word_1_121' title='bbox 279 1571 306 1640; x_wconf 89' lang='lat' dir='ltr'><strong>l,</strong></span> <span class='ocrx_word' id='word_1_122' title='bbox 323 1567 357 1629; x_wconf 83' lang='lat' dir='ltr'><strong>de</strong></span> <span class='ocrx_word' id='word_1_123' title='bbox 372 1567 496 1648; x_wconf 73' lang='lat' dir='ltr'><strong>reputt,</strong></span> <span class='ocrx_word' id='word_1_124' title='bbox 512 1565 563 1628; x_wconf 90' lang='lat' dir='ltr'><strong>ubi</strong></span> <span class='ocrx_word' id='word_1_125' title='bbox 573 1567 726 1628; x_wconf 87' lang='lat' dir='ltr'><strong>statuitur:</strong></span> <span class='ocrx_word' id='word_1_126' title='bbox 744 1565 888 1627; x_wconf 73' lang='lat' dir='ltr'><strong>«Nemini</strong></span> <span class='ocrx_word' id='word_1_127' title='bbox 905 1563 994 1647; x_wconf 88' lang='lat' dir='ltr'><strong>igitur</strong></span> <span class='ocrx_word' id='word_1_128' title='bbox 1008 1567 1210 1647; x_wconf 78' lang='lat' dir='ltr'><strong>regularium.</strong></span> 
     </span>
     <span class='ocr_line' id='line_1_17' title="bbox 234 1653 1244 1758; baseline 0.001 -44"><span class='ocrx_word' id='word_1_129' title='bbox 234 1679 248 1714; x_wconf 78' lang='lat' dir='ltr'><strong>r&gt;</strong></span> <span class='ocrx_word' id='word_1_130' title='bbox 273 1664 333 1718; x_wconf 87' lang='lat' dir='ltr'><strong>tam</strong></span> <span class='ocrx_word' id='word_1_131' title='bbox 349 1657 481 1718; x_wconf 87' lang='lat' dir='ltr'><strong>virorum</strong></span> <span class='ocrx_word' id='word_1_132' title='bbox 496 1657 587 1736; x_wconf 71' lang='lat' dir='ltr'><strong>quom</strong></span> <span class='ocrx_word' id='word_1_133' title='bbox 600 1654 873 1730; x_wconf 83' lang='lat' dir='ltr'><strong>mulieru1n‚liceat</strong></span> <span class='ocrx_word' id='word_1_134' title='bbox 887 1653 967 1717; x_wconf 86' lang='lat' dir='ltr'><strong>bona</strong></span> <span class='ocrx_word' id='word_1_135' title='bbox 981 1653 1155 1718; x_wconf 89' lang='lat' dir='ltr'><strong>immobilia</strong></span> <span class='ocrx_word' id='word_1_136' title='bbox 1170 1657 1211 1717; x_wconf 85' lang='lat' dir='ltr'><strong>rel</strong></span> <span class='ocrx_word' id='word_1_137' title='bbox 1243 1680 1244 1758; x_wconf 53' lang='lat' dir='ltr'><strong>q</strong></span> 
     </span>
     <span class='ocr_line' id='line_1_18' title="bbox 234 1742 1212 1826; baseline 0 -20"><span class='ocrx_word' id='word_1_138' title='bbox 234 1769 248 1806; x_wconf 83' lang='lat' dir='ltr'><strong>r</strong></span> <span class='ocrx_word' id='word_1_139' title='bbox 273 1745 416 1822; x_wconf 84' lang='lat' dir='ltr'><strong>mobilia,</strong></span> <span class='ocrx_word' id='word_1_140' title='bbox 437 1746 657 1826; x_wconf 89' lang='lat' dir='ltr'><strong>cnjnsoumque</strong></span> <span class='ocrx_word' id='word_1_141' title='bbox 671 1743 821 1824; x_wconf 85' lang='lat' dir='ltr'><strong>qualitatis</strong></span> <span class='ocrx_word' id='word_1_142' title='bbox 842 1743 972 1821; x_wconf 80' lang='lat' dir='ltr'><strong>luerint,</strong></span> <span class='ocrx_word' id='word_1_143' title='bbox 993 1742 1088 1806; x_wconf 86' lang='lat' dir='ltr'><strong>etiam</strong></span> <span class='ocrx_word' id='word_1_144' title='bbox 1109 1745 1212 1826; x_wconf 78' lang='lat' dir='ltr'><strong>quovis</strong></span> 
     </span>
     <span class='ocr_line' id='line_1_19' title="bbox 234 1833 1211 1914; baseline 0 -20"><span class='ocrx_word' id='word_1_145' title='bbox 234 1857 248 1894; x_wconf 79' lang='lat' dir='ltr'><strong>a</strong></span> <span class='ocrx_word' id='word_1_146' title='bbox 274 1835 365 1896; x_wconf 94' lang='lat' dir='ltr'><strong>modo</strong></span> <span class='ocrx_word' id='word_1_147' title='bbox 379 1834 416 1896; x_wconf 87' lang='lat' dir='ltr'><strong>ab</strong></span> <span class='ocrx_word' id='word_1_148' title='bbox 436 1835 472 1894; x_wconf 89' lang='lat' dir='ltr'><strong>iis</strong></span> <span class='ocrx_word' id='word_1_149' title='bbox 485 1834 648 1914; x_wconf 77' lang='lat' dir='ltr'><strong>acquisito,</strong></span> <span class='ocrx_word' id='word_1_150' title='bbox 665 1840 802 1914; x_wconf 80' lang='lat' dir='ltr'><strong>tunquam</strong></span> <span class='ocrx_word' id='word_1_151' title='bbox 822 1833 965 1914; x_wconf 78' lang='lat' dir='ltr'><strong>propria,</strong></span> <span class='ocrx_word' id='word_1_152' title='bbox 980 1840 1033 1892; x_wconf 86' lang='lat' dir='ltr'><strong>out</strong></span> <span class='ocrx_word' id='word_1_153' title='bbox 1053 1833 1151 1893; x_wconf 83' lang='lat' dir='ltr'><strong>etium</strong></span> <span class='ocrx_word' id='word_1_154' title='bbox 1164 1853 1211 1894; x_wconf 75' lang='lat' dir='ltr'><strong>no</strong></span> 
     </span>
     <span class='ocr_line' id='line_1_20' title="bbox 234 1919 1211 2004; baseline 0.001 -21"><span class='ocrx_word' id='word_1_155' title='bbox 234 1947 249 1983; x_wconf 82' lang='lat' dir='ltr'><strong>a</strong></span> <span class='ocrx_word' id='word_1_156' title='bbox 272 1924 350 1985; x_wconf 85' lang='lat' dir='ltr'><strong>mine</strong></span> <span class='ocrx_word' id='word_1_157' title='bbox 373 1923 544 1992; x_wconf 77' lang='lat' dir='ltr'><strong>conventus,</strong></span> <span class='ocrx_word' id='word_1_158' title='bbox 571 1921 744 2004; x_wconf 79' lang='lat' dir='ltr'><strong>possidere,</strong></span> <span class='ocrx_word' id='word_1_159' title='bbox 763 1923 809 1984; x_wconf 91' lang='lat' dir='ltr'><strong>vel</strong></span> <span class='ocrx_word' id='word_1_160' title='bbox 832 1929 956 1998; x_wconf 83' lang='lat' dir='ltr'><strong>tenere;</strong></span> <span class='ocrx_word' id='word_1_161' title='bbox 980 1919 1031 1982; x_wconf 84' lang='lat' dir='ltr'><strong>red</strong></span> <span class='ocrx_word' id='word_1_162' title='bbox 1051 1923 1161 1984; x_wconf 82' lang='lat' dir='ltr'><strong>statim</strong></span> <span class='ocrx_word' id='word_1_163' title='bbox 1182 1941 1211 1984; x_wconf 76' lang='lat' dir='ltr'><strong>rr</strong></span> 
     </span>
     <span class='ocr_line' id='line_1_21' title="bbox 233 1986 1245 2094; baseline 0.003 -23"><span class='ocrx_word' id='word_1_164' title='bbox 233 2035 248 2071; x_wconf 81' lang='lat' dir='ltr'><strong>a</strong></span> <span class='ocrx_word' id='word_1_165' title='bbox 273 2011 430 2094; x_wconf 82' lang='lat' dir='ltr'><strong>Superiori</strong></span> <span class='ocrx_word' id='word_1_166' title='bbox 453 2010 625 2080; x_wconf 83' lang='lat' dir='ltr'><strong>trudantur,</strong></span> <span class='ocrx_word' id='word_1_167' title='bbox 652 2013 858 2094; x_wconf 74' lang='lat' dir='ltr'><strong>convertatque</strong></span> <span class='ocrx_word' id='word_1_168' title='bbox 881 2011 1136 2093; x_wconf 78' lang='lat' dir='ltr'><strong>incorporentur:</strong></span> <span class='ocrx_word' id='word_1_169' title='bbox 1160 2029 1211 2074; x_wconf 83' lang='lat' dir='ltr'><strong>net</strong></span> <span class='ocrx_word' id='word_1_170' title='bbox 1244 1986 1245 2058; x_wconf 59' lang='lat' dir='ltr'><strong>l</strong></span> 
     </span>
     <span class='ocr_line' id='line_1_22' title="bbox 234 2099 1212 2184; baseline 0.001 -24"><span class='ocrx_word' id='word_1_171' title='bbox 234 2124 248 2160; x_wconf 80' lang='lat' dir='ltr'><strong>a</strong></span> <span class='ocrx_word' id='word_1_172' title='bbox 273 2101 417 2182; x_wconf 81' lang='lat' dir='ltr'><strong>deinceps</strong></span> <span class='ocrx_word' id='word_1_173' title='bbox 432 2102 518 2163; x_wconf 85' lang='lat' dir='ltr'><strong>liceat</strong></span> <span class='ocrx_word' id='word_1_174' title='bbox 529 2101 740 2182; x_wconf 83' lang='lat' dir='ltr'><strong>Superioribus</strong></span> <span class='ocrx_word' id='word_1_175' title='bbox 752 2101 832 2162; x_wconf 84' lang='lat' dir='ltr'><strong>bona</strong></span> <span class='ocrx_word' id='word_1_176' title='bbox 845 2099 961 2162; x_wconf 78' lang='lat' dir='ltr'><strong>stabilio</strong></span> <span class='ocrx_word' id='word_1_177' title='bbox 975 2099 1064 2162; x_wconf 89' lang='lat' dir='ltr'><strong>alicui</strong></span> <span class='ocrx_word' id='word_1_178' title='bbox 1081 2100 1212 2184; x_wconf 75' lang='lat' dir='ltr'><strong>regulari</strong></span> 
     </span>
     <span class='ocr_line' id='line_1_23' title="bbox 234 2187 1213 2272; baseline 0.002 -22"><span class='ocrx_word' id='word_1_179' title='bbox 234 2215 248 2250; x_wconf 78' lang='lat' dir='ltr'><strong>a</strong></span> <span class='ocrx_word' id='word_1_180' title='bbox 274 2190 458 2266; x_wconf 86' lang='lat' dir='ltr'><strong>concedere,</strong></span> <span class='ocrx_word' id='word_1_181' title='bbox 469 2190 559 2251; x_wconf 88' lang='lat' dir='ltr'><strong>etiam</strong></span> <span class='ocrx_word' id='word_1_182' title='bbox 577 2189 615 2251; x_wconf 90' lang='lat' dir='ltr'><strong>ad</strong></span> <span class='ocrx_word' id='word_1_183' title='bbox 629 2189 840 2272; x_wconf 66' lang='lat' dir='ltr'><strong>usumfructum</strong></span> <span class='ocrx_word' id='word_1_184' title='bbox 851 2187 897 2252; x_wconf 85' lang='lat' dir='ltr'><strong>oet</strong></span> <span class='ocrx_word' id='word_1_185' title='bbox 910 2207 1004 2265; x_wconf 73' lang='lat' dir='ltr'><strong>norm,</strong></span> <span class='ocrx_word' id='word_1_186' title='bbox 1018 2187 1213 2252; x_wconf 76' lang='lat' dir='ltr'><strong>administre-</strong></span> 
     </span>
     <span class='ocr_line' id='line_1_24' title="bbox 235 2277 1213 2350; baseline 0.002 -12"><span class='ocrx_word' id='word_1_187' title='bbox 235 2302 249 2338; x_wconf 82' lang='lat' dir='ltr'><strong>a</strong></span> <span class='ocrx_word' id='word_1_188' title='bbox 273 2279 406 2350; x_wconf 87' lang='lat' dir='ltr'><strong>tionem,</strong></span> <span class='ocrx_word' id='word_1_189' title='bbox 423 2284 476 2340; x_wconf 90' lang='lat' dir='ltr'><strong>aut</strong></span> <span class='ocrx_word' id='word_1_190' title='bbox 493 2278 716 2341; x_wconf 87' lang='lat' dir='ltr'><strong>commendam.</strong></span> <span class='ocrx_word' id='word_1_191' title='bbox 743 2277 968 2340; x_wconf 82' lang='lat' dir='ltr'><strong>Administratio</strong></span> <span class='ocrx_word' id='word_1_192' title='bbox 986 2284 1091 2339; x_wconf 90' lang='lat' dir='ltr'><strong>autem</strong></span> <span class='ocrx_word' id='word_1_193' title='bbox 1117 2279 1213 2340; x_wconf 89' lang='lat' dir='ltr'><strong>bono·</strong></span> 
     </span>
     <span class='ocr_line' id='line_1_25' title="bbox 161 2365 1213 2451; baseline 0 -23"><span class='ocrx_word' id='word_1_194' title='bbox 161 2441 168 2451; x_wconf 31' lang='lat'>⁸</span> <span class='ocrx_word' id='word_1_195' title='bbox 233 2391 248 2428; x_wconf 79' lang='lat' dir='ltr'><strong>a</strong></span> <span class='ocrx_word' id='word_1_196' title='bbox 274 2387 342 2430; x_wconf 86' lang='lat' dir='ltr'><strong>rum</strong></span> <span class='ocrx_word' id='word_1_197' title='bbox 367 2367 616 2430; x_wconf 86' lang='lat' dir='ltr'><strong>monasteriorum</strong></span> <span class='ocrx_word' id='word_1_198' title='bbox 635 2367 673 2429; x_wconf 90' lang='lat' dir='ltr'><strong>ad</strong></span> <span class='ocrx_word' id='word_1_199' title='bbox 696 2367 775 2430; x_wconf 91' lang='lat' dir='ltr'><strong>solos</strong></span> <span class='ocrx_word' id='word_1_200' title='bbox 792 2366 935 2430; x_wconf 85' lang='lat' dir='ltr'><strong>officiales</strong></span> <span class='ocrx_word' id='word_1_201' title='bbox 953 2365 1157 2440; x_wconf 83' lang='lat' dir='ltr'><strong>eorumdem,</strong></span> <span class='ocrx_word' id='word_1_202' title='bbox 1178 2367 1213 2429; x_wconf 79' lang='lat' dir='ltr'><strong>ed</strong></span> 
     </span>
     <span class='ocr_line' id='line_1_26' title="bbox 233 2455 1214 2540; baseline -0.001 -22"><span class='ocrx_word' id='word_1_203' title='bbox 233 2480 249 2518; x_wconf 75' lang='grc' dir='ltr'>ι</span> <span class='ocrx_word' id='word_1_204' title='bbox 274 2464 381 2520; x_wconf 90' lang='lat' dir='ltr'><strong>nutum</strong></span> <span class='ocrx_word' id='word_1_205' title='bbox 396 2458 591 2540; x_wconf 78' lang='lat' dir='ltr'><strong>Superiorem</strong></span> <span class='ocrx_word' id='word_1_206' title='bbox 602 2456 776 2518; x_wconf 83' lang='lat' dir='ltr'><strong>amoribiles</strong></span> <span class='ocrx_word' id='word_1_207' title='bbox 787 2456 947 2538; x_wconf 80' lang='lat' dir='ltr'><strong>pertineat3</strong></span> <span class='ocrx_word' id='word_1_208' title='bbox 963 2455 1129 2518; x_wconf 90' lang='lat' dir='ltr'><strong>mobilium</strong></span> <span class='ocrx_word' id='word_1_209' title='bbox 1143 2457 1214 2518; x_wconf 79' lang='lat' dir='ltr'><strong>reid</strong></span> 
     </span>
     <span class='ocr_line' id='line_1_27' title="bbox 234 2545 1213 2627; baseline -0.004 -17"><span class='ocrx_word' id='word_1_210' title='bbox 234 2571 248 2609; x_wconf 86' lang='lat' dir='ltr'><strong>o</strong></span> <span class='ocrx_word' id='word_1_211' title='bbox 273 2565 382 2622; x_wconf 84' lang='lat' dir='ltr'><strong>usum,</strong></span> <span class='ocrx_word' id='word_1_212' title='bbox 401 2546 440 2608; x_wconf 85' lang='lat' dir='ltr'><strong>ita</strong></span> <span class='ocrx_word' id='word_1_213' title='bbox 460 2546 637 2626; x_wconf 89' lang='lat' dir='ltr'><strong>Superiores</strong></span> <span class='ocrx_word' id='word_1_214' title='bbox 652 2545 846 2627; x_wconf 83' lang='lat' dir='ltr'><strong>permittent,</strong></span> <span class='ocrx_word' id='word_1_215' title='bbox 865 2552 899 2607; x_wconf 87' lang='lat' dir='ltr'><strong>ut</strong></span> <span class='ocrx_word' id='word_1_216' title='bbox 919 2561 1026 2606; x_wconf 89' lang='lat' dir='ltr'><strong>eorum</strong></span> <span class='ocrx_word' id='word_1_217' title='bbox 1052 2545 1213 2626; x_wconf 81' lang='lat' dir='ltr'><strong>suppel&#39;es</strong></span> 
     </span>
     <span class='ocr_line' id='line_1_28' title="bbox 234 2631 1215 2718; baseline -0.003 -21"><span class='ocrx_word' id='word_1_218' title='bbox 234 2659 248 2697; x_wconf 80' lang='lat' dir='ltr'><strong>a</strong></span> <span class='ocrx_word' id='word_1_219' title='bbox 273 2637 361 2699; x_wconf 88' lang='lat' dir='ltr'><strong>statui</strong></span> <span class='ocrx_word' id='word_1_220' title='bbox 376 2635 571 2718; x_wconf 82' lang='lat' dir='ltr'><strong>paupertatis.</strong></span> <span class='ocrx_word' id='word_1_221' title='bbox 588 2653 681 2716; x_wconf 92' lang='lat' dir='ltr'><strong>quam</strong></span> <span class='ocrx_word' id='word_1_222' title='bbox 696 2633 820 2716; x_wconf 85' lang='lat' dir='ltr'><strong>professi</strong></span> <span class='ocrx_word' id='word_1_223' title='bbox 835 2638 917 2711; x_wconf 88' lang='lat' dir='ltr'><strong>sunt,</strong></span> <span class='ocrx_word' id='word_1_224' title='bbox 931 2631 1105 2708; x_wconf 86' lang='lat' dir='ltr'><strong>conveniat;</strong></span> <span class='ocrx_word' id='word_1_225' title='bbox 1124 2634 1215 2694; x_wconf 89' lang='lat' dir='ltr'><strong>nihil·</strong></span> 
     </span>
     <span class='ocr_line' id='line_1_29' title="bbox 233 2721 1217 2809; baseline -0.003 -21"><span class='ocrx_word' id='word_1_226' title='bbox 233 2751 248 2788; x_wconf 79' lang='lat' dir='ltr'><strong>a</strong></span> <span class='ocrx_word' id='word_1_227' title='bbox 273 2745 333 2809; x_wconf 90' lang='lat' dir='ltr'><strong>que</strong></span> <span class='ocrx_word' id='word_1_228' title='bbox 347 2724 492 2808; x_wconf 90' lang='lat' dir='ltr'><strong>supertlui</strong></span> <span class='ocrx_word' id='word_1_229' title='bbox 503 2724 533 2785; x_wconf 89' lang='lat' dir='ltr'><strong>in</strong></span> <span class='ocrx_word' id='word_1_230' title='bbox 545 2727 580 2786; x_wconf 83' lang='lat' dir='ltr'><strong>ed</strong></span> <span class='ocrx_word' id='word_1_231' title='bbox 594 2724 646 2800; x_wconf 89' lang='lat' dir='ltr'><strong>sit;</strong></span> <span class='ocrx_word' id='word_1_232' title='bbox 662 2723 735 2784; x_wconf 89' lang='lat' dir='ltr'><strong>nihil</strong></span> <span class='ocrx_word' id='word_1_233' title='bbox 749 2723 841 2785; x_wconf 88' lang='lat' dir='ltr'><strong>etiam</strong></span> <span class='ocrx_word' id='word_1_234' title='bbox 855 2721 937 2804; x_wconf 90' lang='lat' dir='ltr'><strong>quod</strong></span> <span class='ocrx_word' id='word_1_235' title='bbox 951 2721 988 2783; x_wconf 90' lang='lat' dir='ltr'><strong>sit</strong></span> <span class='ocrx_word' id='word_1_236' title='bbox 1003 2723 1217 2785; x_wconf 79' lang='lat' dir='ltr'><strong>necessariam</strong></span> 
     </span>
     <span class='ocr_line' id='line_1_30' title="bbox 233 2809 1216 2896; baseline -0.004 -20"><span class='ocrx_word' id='word_1_237' title='bbox 233 2841 248 2876; x_wconf 78' lang='lat' dir='ltr'><strong>n</strong></span> <span class='ocrx_word' id='word_1_238' title='bbox 273 2817 317 2879; x_wconf 91' lang='lat' dir='ltr'><strong>eis</strong></span> <span class='ocrx_word' id='word_1_239' title='bbox 339 2814 514 2896; x_wconf 86' lang='lat' dir='ltr'><strong>denegetur.</strong></span> <span class='ocrx_word' id='word_1_240' title='bbox 541 2811 677 2885; x_wconf 84' lang='lat' dir='ltr'><strong>Quodsi</strong></span> <span class='ocrx_word' id='word_1_241' title='bbox 705 2811 773 2894; x_wconf 90' lang='lat' dir='ltr'><strong>quis</strong></span> <span class='ocrx_word' id='word_1_242' title='bbox 799 2811 884 2873; x_wconf 88' lang='lat' dir='ltr'><strong>aliter</strong></span> <span class='ocrx_word' id='word_1_243' title='bbox 910 2809 1079 2891; x_wconf 87' lang='lat' dir='ltr'><strong>quidquam</strong></span> <span class='ocrx_word' id='word_1_244' title='bbox 1109 2817 1216 2873; x_wconf 84' lang='lat' dir='ltr'><strong>tenero</strong></span> 
     </span>
     <span class='ocr_line' id='line_1_31' title="bbox 234 2897 1217 2985; baseline -0.004 -22"><span class='ocrx_word' id='word_1_245' title='bbox 234 2929 249 2964; x_wconf 80' lang='lat' dir='ltr'><strong>a</strong></span> <span class='ocrx_word' id='word_1_246' title='bbox 273 2903 524 2985; x_wconf 78' lang='lat' dir='ltr'><strong>deprehenditur,</strong></span> <span class='ocrx_word' id='word_1_247' title='bbox 541 2909 591 2964; x_wconf 89' lang='lat' dir='ltr'><strong>aut</strong></span> <span class='ocrx_word' id='word_1_248' title='bbox 605 2901 759 2963; x_wconf 85' lang='lat' dir='ltr'><strong>convictus</strong></span> <span class='ocrx_word' id='word_1_249' title='bbox 778 2899 879 2973; x_wconf 83' lang='lat' dir='ltr'><strong>luerit,</strong></span> <span class='ocrx_word' id='word_1_250' title='bbox 896 2899 921 2962; x_wconf 89' lang='lat' dir='ltr'><strong>is</strong></span> <span class='ocrx_word' id='word_1_251' title='bbox 934 2897 1059 2960; x_wconf 88' lang='lat' dir='ltr'><strong>biennio</strong></span> <span class='ocrx_word' id='word_1_252' title='bbox 1073 2899 1175 2962; x_wconf 67' lang='lat' dir='ltr'><strong>actiae</strong></span> <span class='ocrx_word' id='word_1_253' title='bbox 1189 2907 1217 2960; x_wconf 92' lang='lat' dir='ltr'><strong>et</strong></span> 
     </span>
     <span class='ocr_line' id='line_1_32' title="bbox 234 2991 793 3076; baseline -0.009 -23"><span class='ocrx_word' id='word_1_254' title='bbox 234 3015 248 3053; x_wconf 83' lang='lat' dir='ltr'><strong>o</strong></span> <span class='ocrx_word' id='word_1_255' title='bbox 272 2994 388 3076; x_wconf 81' lang='lat' dir='ltr'><strong>passird</strong></span> <span class='ocrx_word' id='word_1_256' title='bbox 401 3010 473 3054; x_wconf 83' lang='lat' dir='ltr'><strong>voce</strong></span> <span class='ocrx_word' id='word_1_257' title='bbox 488 2991 618 3072; x_wconf 88' lang='lat' dir='ltr'><strong>privatus</strong></span> <span class='ocrx_word' id='word_1_258' title='bbox 632 2991 668 3051; x_wconf 93' lang='lat' dir='ltr'><strong>sit</strong></span> <span class='ocrx_word' id='word_1_259' title='bbox 682 3036 689 3064; x_wconf 86' lang='lat'>‚</span> <span class='ocrx_word' id='word_1_260' title='bbox 705 2995 761 3052; x_wconf 90' lang='lat' dir='ltr'><strong>etc.</strong></span> <span class='ocrx_word' id='word_1_261' title='bbox 778 3011 793 3048; x_wconf 81' lang='lat' dir='ltr'><strong>a</strong></span> 
     </span>
    </p>

    <p class='ocr_par' dir='ltr' id='par_1_6' title="bbox 233 3075 1218 3429">
     <span class='ocr_line' id='line_1_33' title="bbox 272 3075 1215 3159; baseline -0.01 -13"><span class='ocrx_word' id='word_1_262' title='bbox 272 3085 339 3147; x_wconf 84' lang='lat' dir='ltr'><strong>Jarn</strong></span> <span class='ocrx_word' id='word_1_263' title='bbox 361 3081 441 3144; x_wconf 92' lang='lat' dir='ltr'><strong>idem</strong></span> <span class='ocrx_word' id='word_1_264' title='bbox 454 3088 524 3142; x_wconf 88' lang='lat' dir='ltr'><strong>ante</strong></span> <span class='ocrx_word' id='word_1_265' title='bbox 540 3078 707 3142; x_wconf 86' lang='lat' dir='ltr'><strong>Tridentin.</strong></span> <span class='ocrx_word' id='word_1_266' title='bbox 730 3077 912 3159; x_wconf 90' lang='lat' dir='ltr'><strong>prohibitum</strong></span> <span class='ocrx_word' id='word_1_267' title='bbox 927 3075 1024 3138; x_wconf 85' lang='lat' dir='ltr'><strong>luerat</strong></span> <span class='ocrx_word' id='word_1_268' title='bbox 1043 3077 1062 3139; x_wconf 78' lang='lat' dir='ltr'><strong>l</strong></span> <span class='ocrx_word' id='word_1_269' title='bbox 1077 3075 1215 3139; x_wconf 85' lang='lat' dir='ltr'><strong>Concilio</strong></span> 
     </span>
     <span class='ocr_line' id='line_1_34' title="bbox 233 3165 1214 3250; baseline -0.007 -15"><span class='ocrx_word' id='word_1_270' title='bbox 233 3175 369 3234; x_wconf 85' lang='lat' dir='ltr'><strong>lateran.</strong></span> <span class='ocrx_word' id='word_1_271' title='bbox 382 3171 435 3230; x_wconf 91' lang='lat' dir='ltr'><strong>lll:</strong></span> <span class='ocrx_word' id='word_1_272' title='bbox 454 3166 621 3230; x_wconf 75' lang='lat' dir='ltr'><strong>«Monacbi</strong></span> <span class='ocrx_word' id='word_1_273' title='bbox 642 3185 703 3230; x_wconf 92' lang='lat' dir='ltr'><strong>non</strong></span> <span class='ocrx_word' id='word_1_274' title='bbox 719 3167 813 3250; x_wconf 88' lang='lat' dir='ltr'><strong>pretio</strong></span> <span class='ocrx_word' id='word_1_275' title='bbox 827 3165 1028 3248; x_wconf 87' lang='lat' dir='ltr'><strong>recipiantur,</strong></span> <span class='ocrx_word' id='word_1_276' title='bbox 1045 3183 1108 3229; x_wconf 88' lang='lat' dir='ltr'><strong>neo</strong></span> <span class='ocrx_word' id='word_1_277' title='bbox 1125 3185 1214 3248; x_wconf 81' lang='lat' dir='ltr'><strong>peru-</strong></span> 
     </span>
     <span class='ocr_line' id='line_1_35' title="bbox 233 3253 1218 3338; baseline -0.006 -18"><span class='ocrx_word' id='word_1_278' title='bbox 233 3285 247 3320; x_wconf 84' lang='lat' dir='ltr'><strong>a</strong></span> <span class='ocrx_word' id='word_1_279' title='bbox 273 3261 346 3320; x_wconf 83' lang='lat' dir='ltr'><strong>lium</strong></span> <span class='ocrx_word' id='word_1_280' title='bbox 370 3255 580 3338; x_wconf 87' lang='lat' dir='ltr'><strong>permittantur</strong></span> <span class='ocrx_word' id='word_1_281' title='bbox 603 3256 723 3320; x_wconf 86' lang='lat' dir='ltr'><strong>habero.</strong></span> <span class='ocrx_word' id='word_1_282' title='bbox 747 3278 761 3316; x_wconf 84' lang='lat' dir='ltr'><strong>o</strong></span> <span class='ocrx_word' id='word_1_283' title='bbox 788 3257 874 3337; x_wconf 72' lang='lat' dir='ltr'><strong>(Cap.</strong></span> <span class='ocrx_word' id='word_1_284' title='bbox 899 3253 1038 3316; x_wconf 76' lang='lat' dir='ltr'><strong>dionosti</strong></span> <span class='ocrx_word' id='word_1_285' title='bbox 1045 3302 1053 3326; x_wconf 87' lang='lat'><em>,</em></span> <span class='ocrx_word' id='word_1_286' title='bbox 1071 3254 1111 3318; x_wconf 83' lang='lat' dir='ltr'><strong>de</strong></span> <span class='ocrx_word' id='word_1_287' title='bbox 1135 3265 1218 3318; x_wconf 69' lang='lat' dir='ltr'><strong>stote</strong></span> 
     </span>
     <span class='ocr_line' id='line_1_36' title="bbox 233 3346 380 3429; baseline -0.02 -17"><span class='ocrx_word' id='word_1_288' title='bbox 233 3346 380 3429; x_wconf 70' lang='lat' dir='ltr'><strong>tranet.)</strong></span> 
     </span>
    </p>

    <p class='ocr_par' dir='ltr' id='par_1_7' title="bbox 271 3431 1218 3518">
     <span class='ocr_line' id='line_1_37' title="bbox 271 3431 1218 3518; baseline -0.006 -22"><span class='ocrx_word' id='word_1_289' title='bbox 271 3441 360 3496; x_wconf 71' lang='lat'>2754.</span> <span class='ocrx_word' id='word_1_290' title='bbox 378 3469 412 3482; x_wconf 92' lang='lat'>-</span> <span class='ocrx_word' id='word_1_291' title='bbox 423 3440 457 3497; x_wconf 77' lang='lat'><strong>2⁰</strong></span> <span class='ocrx_word' id='word_1_292' title='bbox 470 3445 542 3500; x_wconf 84' lang='lat' dir='ltr'><strong>ture</strong></span> <span class='ocrx_word' id='word_1_293' title='bbox 558 3435 685 3499; x_wconf 88' lang='lat' dir='ltr'><strong>naturali</strong></span> <span class='ocrx_word' id='word_1_294' title='bbox 701 3435 854 3518; x_wconf 88' lang='lat' dir='ltr'><strong>peculium</strong></span> <span class='ocrx_word' id='word_1_295' title='bbox 868 3449 939 3496; x_wconf 84' lang='lat' dir='ltr'><strong>cum</strong></span> <span class='ocrx_word' id='word_1_296' title='bbox 952 3449 1010 3496; x_wconf 89' lang='lat' dir='ltr'><strong>usu</strong></span> <span class='ocrx_word' id='word_1_297' title='bbox 1024 3431 1218 3516; x_wconf 81' lang='lat' dir='ltr'><strong>dependenti</strong></span> 
     </span>
    </p>
   </div>
   <div class='ocr_carea' id='block_1_3' title="bbox 232 3545 1220 3675">
    <p class='ocr_par' dir='ltr' id='par_1_8' title="bbox 232 3545 1220 3675">
     <span class='ocr_line' id='line_1_38' title="bbox 262 3545 1220 3619; baseline 0.002 -19"><span class='ocrx_word' id='word_1_298' title='bbox 262 3555 268 3580; x_wconf 88' lang='lat'><strong>¹</strong></span> <span class='ocrx_word' id='word_1_299' title='bbox 288 3549 427 3602; x_wconf 78' lang='lat' dir='ltr'><strong>Conventus</strong></span> <span class='ocrx_word' id='word_1_300' title='bbox 440 3550 465 3602; x_wconf 88' lang='lat' dir='ltr'><strong>ia</strong></span> <span class='ocrx_word' id='word_1_301' title='bbox 477 3551 568 3619; x_wconf 82' lang='lat' dir='ltr'><strong>quibus</strong></span> <span class='ocrx_word' id='word_1_302' title='bbox 580 3551 675 3603; x_wconf 86' lang='lat' dir='ltr'><strong>nullum</strong></span> <span class='ocrx_word' id='word_1_303' title='bbox 690 3549 828 3603; x_wconf 77' lang='lat' dir='ltr'><strong>admittitur</strong></span> <span class='ocrx_word' id='word_1_304' title='bbox 846 3546 987 3617; x_wconf 82' lang='lat' dir='ltr'><strong>peculium,</strong></span> <span class='ocrx_word' id='word_1_305' title='bbox 1005 3545 1220 3605; x_wconf 68' lang='lat' dir='ltr'><strong>decurreran-</strong></span> 
     </span>
     <span class='ocr_line' id='line_1_39' title="bbox 232 3622 499 3675; baseline 0.011 -3"><span class='ocrx_word' id='word_1_306' title='bbox 232 3633 388 3675; x_wconf 77' lang='lat' dir='ltr'><strong>eommunem</strong></span> <span class='ocrx_word' id='word_1_307' title='bbox 400 3622 499 3675; x_wconf 78' lang='lat' dir='ltr'><strong>babere.</strong></span> 
     </span>
    </p>
   </div>
   <div class='ocr_carea' id='block_1_4' title="bbox 0 0 1268 3992">
    <p class='ocr_par' dir='ltr' id='par_1_9' title="bbox 0 0 1268 3992">
     <span class='ocr_line' id='line_1_40' title="bbox 0 0 1268 3992; baseline 0 0"><span class='ocrx_word' id='word_1_308' title='bbox 0 0 1268 3992; x_wconf 95' lang='lat' dir='ltr'><strong> </strong></span> 
     </span>
    </p>
   </div>
  </div>
 </body>
</html>
