2522 3992
388 216 394 226 ⁵
492 259 578 307 arran
599 262 716 310 miuus.
1017 251 1076 315 l95

99 356 251 420 castitatis.
268 355 354 422 Unde
376 357 527 420 Proiessio
548 359 669 422 nulliter
691 361 799 425 omissa
819 363 966 445 quosdam
988 365 1076 428 babet

99 445 223 508 effectus
237 446 267 510 iu
283 447 369 510 certis
386 448 513 522 casibus,
530 455 559 510 et
575 449 653 511 valet
666 451 772 512 saltem
787 459 820 515 ut
833 460 935 516 uotum
950 454 1075 536 simplex

101 535 241 598 castitatis
254 555 261 596 :
272 535 330 598 lroc
344 541 444 598 lanten
460 555 521 598 non
535 535 666 599 admittit
679 541 742 602 nb.
759 541 898 620 bouvier,
913 549 942 604 et
956 551 1075 606 contra·

100 623 180 689 rium
192 623 376 706 probabilius
389 625 539 688 existimat
548 625 673 688 Billuart
684 629 769 707 (tom.
782 633 831 708 lb,
843 631 878 693 de
886 638 957 694 stat.
974 632 1073 714 solip,

101 730 133 795 p.
149 715 220 790 468,
238 711 309 774 edit.
328 716 427 788 1828).

142 804 232 864 titt.
257 803 377 864 Certum
401 807 446 866 est
466 801 687 867 Prolesslonem
716 825 778 870 non
805 807 903 872 valere
925 811 1016 874 etlam
1044 819 1073 876 ut

103 896 206 953 votum
221 889 347 972 simplex
359 891 501 954 castitatis
511 893 534 954 si
546 893 610 974 ipsa
623 893 713 957 luerit
728 895 810 958 nulla
818 916 855 960 ex
869 899 987 962 delectu
1002 919 1075 962 con-

105 981 221 1044 sensus.
239 979 297 1042 Sed
311 981 335 1042 si
350 981 416 1042 talis
439 979 590 1062 protessus
612 984 740 1064 probare
758 987 897 1067 nequiret
910 993 1077 1052 consensus

105 1066 267 1147 delectum,
288 1070 354 1151 cogi
369 1075 468 1150 posset
487 1069 524 1131 od
541 1071 726 1135 manendum
742 1075 773 1135 in
792 1076 975 1138 monasterio
986 1097 994 1153 ;
1016 1079 1078 1140 imd

102 1156 320 1238 maniplares,
336 1159 418 1220 exire
436 1175 497 1220 non
513 1167 613 1239 posset
627 1165 690 1224 tutb
701 1163 903 1234 conscientia.
923 1166 978 1226 etsi
994 1165 1078 1229 auiu-

106 1263 176 1325 gere
189 1253 290 1328 posset
302 1247 368 1308 sine
382 1246 534 1310 scandalo.
554 1248 630 1312 Vide
644 1251 723 1332 apud
739 1253 835 1314 Bouix
853 1252 907 1332 (de
921 1255 1074 1336 deputor„

105 1340 128 1397 t.
145 1340 159 1398 l
174 1382 182 1413 ‚
198 1354 228 1416 p.
242 1337 395 1412 staura).

145 1423 335 1503 ltem‚juxta
350 1423 492 1488 eumdem
506 1425 572 1506 (ia,
594 1445 625 1508 p.
646 1429 803 1506 atu-649),
825 1429 975 1493 Prolessio
996 1433 1078 1497 nulla

107 1531 146 1574 ex
159 1529 194 1574 eo
208 1514 305 1594 capite
326 1513 408 1595 qudd
428 1515 538 1578 emissa
560 1514 648 1578 luerit
668 1516 698 1578 in
720 1517 874 1598 Religione
893 1537 954 1582 non
969 1539 1078 1602 appro-

110 1600 187 1676 bata,
198 1599 336 1664 ellectum
346 1602 434 1665 babet
447 1604 506 1666 voti
516 1605 662 1686 simplicis
672 1652 679 1682 ‚
691 1611 721 1668 et
734 1606 846 1688 obligat
858 1607 895 1669 ad
910 1608 1079 1690 ingredien-

109 1689 178 1750 dam
202 1689 386 1772 Religionem
401 1710 438 1754 ex
451 1693 623 1774 approbatis
637 1713 645 1755 z
660 1693 690 1755 id
705 1703 809 1758 auctor
823 1695 928 1777 probat
941 1715 979 1758 err
994 1697 1079 1761 Bulla

108 1777 256 1841 Romanus
278 1779 422 1861 Pontifex
443 1781 554 1846 Urbani
573 1785 658 1858 VIII,
681 1787 722 1849 20
745 1785 816 1848 maii
836 1789 924 1848 1626.
948 1787 1078 1860 Quaestio

107 1872 210 1930 tamen
223 1874 268 1932 est
280 1875 471 1934 controversa
481 1871 587 1954 (ibid).

547 2063 565 2144 g
584 2065 632 2127 m.

104 2203 149 2270 De
162 2206 332 2290 quibasdam
358 2203 434 2269 iuris
455 2206 693 2289 dispositionibus
713 2207 885 2270 martialium
909 2211 1079 2305 Novitp‘ptpp

250 2301 252 2305 ’
369 2313 422 2366 out
438 2304 619 2386 Professioai
631 2305 814 2387 specialibus.

495 2487 648 2547 runamu
669 2463 703 2548 u'

195 2621 233 2668 D}
253 2621 387 2670 luemus
407 2622 487 2668 ANTE
509 2622 692 2670 nonamruu
713 2621 752 2668 ΕΤ
772 2622 996 2673 rnounsslonau.

148 2767 238 2828 ΜΒ.
261 2764 416 2826 Sancitum
443 2762 499 2825 iuis
523 2767 540 2824 a
561 2760 694 2823 Concilio
715 2759 892 2823 Tridentino
910 2761 993 2842 (sess.
1019 2767 1080 2844 25,

109 2872 137 2916 c.
158 2857 192 2915 Π
203 2899 212 2931 ,
225 2853 270 2916 De
280 2852 436 2933 Repular.)
447 2850 529 2934 quod
543 2856 612 2912 ante
622 2849 802 2912 Novitiatum
816 2856 846 2912 et
858 2849 1080 2915 professionem

112 2940 257 3004 moniales
279 2941 317 3004 ab
340 2941 496 3023 Episcopis
513 2939 782 3003 examinarentur:
805 2939 848 3002 sic
862 2939 944 3002 anim
966 2940 1079 3007 habet:

114 3055 129 3089 o
151 3031 182 3094 S.
199 3030 339 3114 Synodus
353 3031 456 3093 statuit
471 3037 561 3111 abrae
575 3027 710 3092 decernit
724 3035 756 3091 ut
771 3029 794 3091 si
812 3029 929 3110 puella,
946 3050 1014 3114 quar
1029 3031 1079 3094 ba-

111 3143 125 3178 s
151 3120 247 3182 bitum
271 3119 440 3202 regularem
463 3118 614 3201 suscipere
632 3119 781 3196 voluerit,
806 3119 902 3198 maior
923 3120 1083 3183 duodecim

110 3233 125 3268 a
151 3209 238 3271 annis
253 3209 310 3285 sit,
327 3227 388 3271 non
407 3216 561 3271 antaeum
579 3208 740 3290 suscipiat;
764 3227 819 3271 nec
834 3217 937 3290 postea
961 3210 1023 3290 ipsa
1038 3209 1082 3271 vel

110 3321 126 3356 u
151 3297 209 3360 alia
227 3298 446 3361 Prolessionem
466 3297 580 3360 emittat
602 3299 693 3378 quarn
708 3297 904 3379 exploraverit
917 3299 1084 3378 Episcopus

110 3409 128 3448 ι
152 3387 228 3466 (vel,
242 3405 278 3451 eo
292 3387 469 3450 absentaret
485 3385 649 3468 impedito,
665 3387 730 3462 eius
744 3387 895 3460 Vicarius,
913 3394 964 3448 aut
977 3385 1084 3460 aliquis

111 3498 126 3538 r
152 3493 259 3538 eorum
281 3475 451 3558 sumptibus
465 3475 502 3538 ab
522 3475 566 3537 eis
579 3473 747 3556 deputatus)
765 3474 888 3556 virginis
901 3475 1084 3538 voluntatem

111 3587 127 3626 r
152 3565 329 3647 diligenter,
345 3583 384 3626 an
397 3571 515 3642 eonem,
530 3581 569 3626 an
579 3562 762 3642 seductasit,
778 3581 817 3624 an
831 3565 905 3625 sciat
918 3563 990 3646 quid
1001 3571 1082 3645 agab

113 3677 128 3714 ι
153 3660 183 3716 et
195 3655 221 3716 si
235 3653 372 3719 voluntas
385 3651 451 3734 ejus
464 3655 515 3734 pia
527 3670 563 3715 ac
576 3651 670 3714 libera
681 3652 802 3733 cognita
814 3650 921 3734 luerit,
936 3652 1085 3717 babuerit·
