<?xml version="1.0" encoding="UTF-8"?>
<!DOCTYPE html PUBLIC "-//W3C//DTD XHTML 1.0 Transitional//EN"
    "http://www.w3.org/TR/xhtml1/DTD/xhtml1-transitional.dtd">
<html xmlns="http://www.w3.org/1999/xhtml" xml:lang="en" lang="en">
 <head>
  <title>
</title>
<meta http-equiv="Content-Type" content="text/html;charset=utf-8" />
  <meta name='ocr-system' content='tesseract 3.04.00' />
  <meta name='ocr-capabilities' content='ocr_page ocr_carea ocr_par ocr_line ocrx_word'/>
</head>
<body>
  <div class='ocr_page' id='page_1' title='image "./manualetotiusju01craigoog_0087.png"; bbox 0 0 2522 3996; ppageno 0'>
   <div class='ocr_carea' id='block_1_1' title="bbox 223 250 960 342">
    <p class='ocr_par' dir='ltr' id='par_1_1' title="bbox 223 250 960 342">
     <span class='ocr_line' id='line_1_1' title="bbox 223 250 960 342; baseline 0.004 -3"><span class='ocrx_word' id='word_1_1' title='bbox 223 250 256 308; x_wconf 62' lang='lat'><strong>⁷³</strong></span> <span class='ocrx_word' id='word_1_2' title='bbox 434 291 571 340; x_wconf 76' lang='lat' dir='ltr'><strong>araneam</strong></span> <span class='ocrx_word' id='word_1_3' title='bbox 590 289 691 338; x_wconf 82' lang='lat' dir='ltr'><strong>norme</strong></span> <span class='ocrx_word' id='word_1_4' title='bbox 710 291 792 340; x_wconf 82' lang='lat' dir='ltr'><strong>mars</strong></span> <span class='ocrx_word' id='word_1_5' title='bbox 812 293 960 342; x_wconf 79' lang='lat' dir='ltr'><strong>ennomer.</strong></span> 
     </span>
    </p>
   </div>
   <div class='ocr_carea' id='block_1_2' title="bbox 206 395 1187 1995">
    <p class='ocr_par' dir='ltr' id='par_1_2' title="bbox 213 395 1187 568">
     <span class='ocr_line' id='line_1_2' title="bbox 254 395 1187 472; baseline 0.001 -12"><span class='ocrx_word' id='word_1_6' title='bbox 254 401 342 461; x_wconf 80' lang='lat' dir='ltr'><strong>rere.</strong></span> <span class='ocrx_word' id='word_1_7' title='bbox 364 396 486 472; x_wconf 79' lang='lat' dir='ltr'><strong>Oderit.</strong></span> <span class='ocrx_word' id='word_1_8' title='bbox 508 400 558 460; x_wconf 74' lang='lat'><strong>{3⁰</strong></span> <span class='ocrx_word' id='word_1_9' title='bbox 573 395 731 470; x_wconf 88' lang='lat' dir='ltr'>Quomodo</span> <span class='ocrx_word' id='word_1_10' title='bbox 744 396 881 460; x_wconf 87' lang='lat' dir='ltr'><strong>amittant</strong></span> <span class='ocrx_word' id='word_1_11' title='bbox 893 395 1009 460; x_wconf 86' lang='lat' dir='ltr'><strong>tructus</strong></span> <span class='ocrx_word' id='word_1_12' title='bbox 1026 395 1073 460; x_wconf 89' lang='lat' dir='ltr'><strong>sui</strong></span> <span class='ocrx_word' id='word_1_13' title='bbox 1090 396 1187 462; x_wconf 85' lang='lat' dir='ltr'><strong>bene-</strong></span> 
     </span>
     <span class='ocr_line' id='line_1_3' title="bbox 213 484 686 568; baseline 0 -20"><span class='ocrx_word' id='word_1_14' title='bbox 213 484 272 549; x_wconf 83' lang='lat' dir='ltr'><strong>flcii</strong></span> <span class='ocrx_word' id='word_1_15' title='bbox 288 487 408 568; x_wconf 89' lang='lat' dir='ltr'><strong>parochi</strong></span> <span class='ocrx_word' id='word_1_16' title='bbox 422 507 483 549; x_wconf 91' lang='lat' dir='ltr'><strong>non</strong></span> <span class='ocrx_word' id='word_1_17' title='bbox 498 485 686 550; x_wconf 78' lang='lat' dir='ltr'><strong>residentes?</strong></span> 
     </span>
    </p>

    <p class='ocr_par' dir='ltr' id='par_1_3' title="bbox 209 574 1187 1549">
     <span class='ocr_line' id='line_1_4' title="bbox 253 574 1187 658; baseline 0 -20"><span class='ocrx_word' id='word_1_18' title='bbox 253 577 342 658; x_wconf 86' lang='lat' dir='ltr'><strong>Resp.</strong></span> <span class='ocrx_word' id='word_1_19' title='bbox 366 577 516 640; x_wconf 88' lang='lat' dir='ltr'><strong>Parecbos</strong></span> <span class='ocrx_word' id='word_1_20' title='bbox 529 577 606 639; x_wconf 88' lang='lat' dir='ltr'><strong>ultra</strong></span> <span class='ocrx_word' id='word_1_21' title='bbox 622 575 764 638; x_wconf 76' lang='lat' dir='ltr'><strong>bimestre</strong></span> <span class='ocrx_word' id='word_1_22' title='bbox 777 574 931 652; x_wconf 80' lang='lat' dir='ltr'><strong>absentee,</strong></span> <span class='ocrx_word' id='word_1_23' title='bbox 946 575 1012 638; x_wconf 77' lang='lat' dir='ltr'><strong>sine</strong></span> <span class='ocrx_word' id='word_1_24' title='bbox 1026 574 1187 638; x_wconf 83' lang='lat' dir='ltr'><strong>sufficienti</strong></span> 
     </span>
     <span class='ocr_line' id='line_1_5' title="bbox 212 663 1185 748; baseline 0.001 -22"><span class='ocrx_word' id='word_1_25' title='bbox 212 669 321 740; x_wconf 76' lang='lat' dir='ltr'><strong>causa,</strong></span> <span class='ocrx_word' id='word_1_26' title='bbox 336 666 452 748; x_wconf 69' lang='lat' dir='ltr'><strong>fructos</strong></span> <span class='ocrx_word' id='word_1_27' title='bbox 471 686 535 728; x_wconf 85' lang='lat' dir='ltr'><strong>sans</strong></span> <span class='ocrx_word' id='word_1_28' title='bbox 549 686 605 747; x_wconf 83' lang='lat' dir='ltr'><strong>pro</strong></span> <span class='ocrx_word' id='word_1_29' title='bbox 621 665 688 726; x_wconf 82' lang='lat' dir='ltr'><strong>ratd</strong></span> <span class='ocrx_word' id='word_1_30' title='bbox 703 664 840 746; x_wconf 82' lang='lat' dir='ltr'><strong>temporie</strong></span> <span class='ocrx_word' id='word_1_31' title='bbox 853 663 984 726; x_wconf 73' lang='lat' dir='ltr'><strong>absentiat</strong></span> <span class='ocrx_word' id='word_1_32' title='bbox 1002 665 1185 744; x_wconf 77' lang='lat' dir='ltr'><strong>nonfacere,</strong></span> 
     </span>
     <span class='ocr_line' id='line_1_6' title="bbox 211 753 1187 836; baseline 0.003 -23"><span class='ocrx_word' id='word_1_33' title='bbox 211 773 261 816; x_wconf 82' lang='lat' dir='ltr'><strong>nec</strong></span> <span class='ocrx_word' id='word_1_34' title='bbox 272 755 335 816; x_wconf 84' lang='lat' dir='ltr'><strong>lntd</strong></span> <span class='ocrx_word' id='word_1_35' title='bbox 348 755 520 817; x_wconf 83' lang='lat' dir='ltr'><strong>conscientid</strong></span> <span class='ocrx_word' id='word_1_36' title='bbox 536 753 613 836; x_wconf 83' lang='lat' dir='ltr'><strong>(olid</strong></span> <span class='ocrx_word' id='word_1_37' title='bbox 623 755 713 815; x_wconf 82' lang='lat' dir='ltr'><strong>etiem</strong></span> <span class='ocrx_word' id='word_1_38' title='bbox 726 753 922 816; x_wconf 79' lang='lat' dir='ltr'><strong>declaratione</strong></span> <span class='ocrx_word' id='word_1_39' title='bbox 934 773 990 814; x_wconf 89' lang='lat' dir='ltr'><strong>non</strong></span> <span class='ocrx_word' id='word_1_40' title='bbox 1003 755 1110 833; x_wconf 79' lang='lat' dir='ltr'><strong>aroald)</strong></span> <span class='ocrx_word' id='word_1_41' title='bbox 1120 754 1187 816; x_wconf 88' lang='lat' dir='ltr'><strong>illos</strong></span> 
     </span>
     <span class='ocr_line' id='line_1_7' title="bbox 211 843 1185 928; baseline 0.002 -26"><span class='ocrx_word' id='word_1_42' title='bbox 211 843 268 904; x_wconf 83' lang='lat' dir='ltr'><strong>ribi</strong></span> <span class='ocrx_word' id='word_1_43' title='bbox 293 843 423 907; x_wconf 83' lang='lat' dir='ltr'><strong>detinere</strong></span> <span class='ocrx_word' id='word_1_44' title='bbox 442 863 539 928; x_wconf 80' lang='lat' dir='ltr'><strong>posse,</strong></span> <span class='ocrx_word' id='word_1_45' title='bbox 570 843 621 906; x_wconf 86' lang='lat' dir='ltr'><strong>sed</strong></span> <span class='ocrx_word' id='word_1_46' title='bbox 645 843 753 920; x_wconf 86' lang='lat' dir='ltr'><strong>teneri,</strong></span> <span class='ocrx_word' id='word_1_47' title='bbox 775 843 848 924; x_wconf 88' lang='lat' dir='ltr'><strong>ipsis</strong></span> <span class='ocrx_word' id='word_1_48' title='bbox 868 861 930 904; x_wconf 93' lang='lat' dir='ltr'><strong>non</strong></span> <span class='ocrx_word' id='word_1_49' title='bbox 954 843 1185 925; x_wconf 73' lang='lat' dir='ltr'><strong>prestantibus,</strong></span> 
     </span>
     <span class='ocr_line' id='line_1_8' title="bbox 210 931 1187 1015; baseline 0 -22"><span class='ocrx_word' id='word_1_50' title='bbox 210 951 262 1012; x_wconf 83' lang='lat' dir='ltr'><strong>per</strong></span> <span class='ocrx_word' id='word_1_51' title='bbox 274 935 450 1015; x_wconf 81' lang='lat' dir='ltr'><strong>superiorem</strong></span> <span class='ocrx_word' id='word_1_52' title='bbox 460 932 682 997; x_wconf 76' lang='lat' dir='ltr'><strong>ecelesiasticam</strong></span> <span class='ocrx_word' id='word_1_53' title='bbox 695 933 707 992; x_wconf 90' lang='lat' dir='ltr'><strong>i</strong></span> <span class='ocrx_word' id='word_1_54' title='bbox 709 933 721 993; x_wconf 92' lang='lat' dir='ltr'><strong>l</strong></span> <span class='ocrx_word' id='word_1_55' title='bbox 724 933 765 993; x_wconf 84' lang='lat' dir='ltr'><strong>los</strong></span> <span class='ocrx_word' id='word_1_56' title='bbox 779 931 899 1012; x_wconf 64' lang='lat' dir='ltr'><strong>[abaco</strong></span> <span class='ocrx_word' id='word_1_57' title='bbox 912 932 1114 1007; x_wconf 83' lang='lat' dir='ltr'><strong>ecclesiaram,</strong></span> <span class='ocrx_word' id='word_1_58' title='bbox 1138 933 1187 994; x_wconf 80' lang='lat' dir='ltr'><strong>cel</strong></span> 
     </span>
     <span class='ocr_line' id='line_1_9' title="bbox 212 1017 1183 1104; baseline 0.002 -22"><span class='ocrx_word' id='word_1_59' title='bbox 212 1023 386 1104; x_wconf 83' lang='lat' dir='ltr'><strong>oonperilos</strong></span> <span class='ocrx_word' id='word_1_60' title='bbox 399 1023 456 1084; x_wconf 81' lang='lat' dir='ltr'><strong>lori</strong></span> <span class='ocrx_word' id='word_1_61' title='bbox 468 1041 598 1104; x_wconf 75' lang='lat' dir='ltr'><strong>cropore.</strong></span> <span class='ocrx_word' id='word_1_62' title='bbox 609 1021 641 1082; x_wconf 85' lang='lat' dir='ltr'><strong>ld</strong></span> <span class='ocrx_word' id='word_1_63' title='bbox 656 1027 772 1083; x_wconf 85' lang='lat' dir='ltr'><strong>constat</strong></span> <span class='ocrx_word' id='word_1_64' title='bbox 784 1039 820 1083; x_wconf 84' lang='lat' dir='ltr'><strong>ex</strong></span> <span class='ocrx_word' id='word_1_65' title='bbox 836 1022 927 1083; x_wconf 88' lang='lat' dir='ltr'><strong>Cone.</strong></span> <span class='ocrx_word' id='word_1_66' title='bbox 939 1017 1019 1082; x_wconf 83' lang='lat' dir='ltr'><strong>trid.</strong></span> <span class='ocrx_word' id='word_1_67' title='bbox 1031 1023 1114 1097; x_wconf 84' lang='lat' dir='ltr'><strong>(sess.</strong></span> <span class='ocrx_word' id='word_1_68' title='bbox 1128 1024 1183 1096; x_wconf 74' lang='lat'><strong>23,</strong></span> 
     </span>
     <span class='ocr_line' id='line_1_10' title="bbox 211 1109 1187 1196; baseline 0 -24"><span class='ocrx_word' id='word_1_69' title='bbox 211 1129 277 1193; x_wconf 89' lang='lat' dir='ltr'><strong>cap.</strong></span> <span class='ocrx_word' id='word_1_70' title='bbox 295 1116 324 1188; x_wconf 90' lang='lat' dir='ltr'><strong>l,</strong></span> <span class='ocrx_word' id='word_1_71' title='bbox 335 1112 371 1174; x_wconf 88' lang='lat' dir='ltr'><strong>de</strong></span> <span class='ocrx_word' id='word_1_72' title='bbox 380 1113 466 1196; x_wconf 73' lang='lat' dir='ltr'><strong>ref.);</strong></span> <span class='ocrx_word' id='word_1_73' title='bbox 477 1119 637 1193; x_wconf 79' lang='lat' dir='ltr'>postquam</span> <span class='ocrx_word' id='word_1_74' title='bbox 651 1111 732 1173; x_wconf 90' lang='lat' dir='ltr'><strong>enim</strong></span> <span class='ocrx_word' id='word_1_75' title='bbox 743 1111 947 1172; x_wconf 88' lang='lat' dir='ltr'><strong>hocstatuitS.</strong></span> <span class='ocrx_word' id='word_1_76' title='bbox 959 1109 1099 1192; x_wconf 79' lang='lat' dir='ltr'><strong>Synodus</strong></span> <span class='ocrx_word' id='word_1_77' title='bbox 1112 1129 1187 1172; x_wconf 88' lang='lat' dir='ltr'><strong>oon-</strong></span> 
     </span>
     <span class='ocr_line' id='line_1_11' title="bbox 209 1199 1183 1284; baseline -0.002 -22"><span class='ocrx_word' id='word_1_78' title='bbox 209 1206 253 1264; x_wconf 87' lang='lat' dir='ltr'><strong>tra</strong></span> <span class='ocrx_word' id='word_1_79' title='bbox 274 1202 437 1284; x_wconf 86' lang='lat' dir='ltr'><strong>Episcopos</strong></span> <span class='ocrx_word' id='word_1_80' title='bbox 457 1201 534 1264; x_wconf 89' lang='lat' dir='ltr'><strong>ultra</strong></span> <span class='ocrx_word' id='word_1_81' title='bbox 552 1201 700 1262; x_wconf 79' lang='lat' dir='ltr'><strong>trimestre</strong></span> <span class='ocrx_word' id='word_1_82' title='bbox 722 1219 783 1260; x_wconf 93' lang='lat' dir='ltr'><strong>non</strong></span> <span class='ocrx_word' id='word_1_83' title='bbox 803 1199 986 1275; x_wconf 80' lang='lat' dir='ltr'><strong>residentes,</strong></span> <span class='ocrx_word' id='word_1_84' title='bbox 1010 1199 1054 1261; x_wconf 92' lang='lat' dir='ltr'><strong>sic</strong></span> <span class='ocrx_word' id='word_1_85' title='bbox 1074 1199 1183 1260; x_wconf 83' lang='lat' dir='ltr'>addit:</span> 
     </span>
     <span class='ocr_line' id='line_1_12' title="bbox 214 1287 1185 1370; baseline 0.001 -21"><span class='ocrx_word' id='word_1_86' title='bbox 214 1313 229 1349; x_wconf 81' lang='lat' dir='ltr'><strong>a</strong></span> <span class='ocrx_word' id='word_1_87' title='bbox 252 1291 361 1352; x_wconf 82' lang='lat' dir='ltr'><strong>Eadem</strong></span> <span class='ocrx_word' id='word_1_88' title='bbox 376 1290 519 1362; x_wconf 82' lang='lat' dir='ltr'><strong>omnino,</strong></span> <span class='ocrx_word' id='word_1_89' title='bbox 535 1289 625 1352; x_wconf 90' lang='lat' dir='ltr'><strong>etiam</strong></span> <span class='ocrx_word' id='word_1_90' title='bbox 644 1288 743 1370; x_wconf 89' lang='lat' dir='ltr'><strong>quoad</strong></span> <span class='ocrx_word' id='word_1_91' title='bbox 762 1287 882 1370; x_wconf 89' lang='lat' dir='ltr'><strong>culpam</strong></span> <span class='ocrx_word' id='word_1_92' title='bbox 897 1287 960 1368; x_wconf 88' lang='lat' dir='ltr'><strong>(sed</strong></span> <span class='ocrx_word' id='word_1_93' title='bbox 979 1287 1028 1350; x_wconf 92' lang='lat' dir='ltr'><strong>htc</strong></span> <span class='ocrx_word' id='word_1_94' title='bbox 1041 1287 1121 1350; x_wconf 83' lang='lat' dir='ltr'><strong>ultra</strong></span> <span class='ocrx_word' id='word_1_95' title='bbox 1134 1288 1185 1350; x_wconf 88' lang='lat' dir='ltr'><strong>bi-</strong></span> 
     </span>
     <span class='ocr_line' id='line_1_13' title="bbox 209 1375 1182 1458; baseline 0.002 -20"><span class='ocrx_word' id='word_1_96' title='bbox 209 1401 224 1438; x_wconf 79' lang='lat' dir='ltr'><strong>n</strong></span> <span class='ocrx_word' id='word_1_97' title='bbox 249 1385 386 1458; x_wconf 80' lang='lat' dir='ltr'><strong>mestre),</strong></span> <span class='ocrx_word' id='word_1_98' title='bbox 409 1380 602 1442; x_wconf 86' lang='lat' dir='ltr'><strong>amissionem</strong></span> <span class='ocrx_word' id='word_1_99' title='bbox 618 1377 820 1450; x_wconf 84' lang='lat' dir='ltr'><strong>fructuum...‚</strong></span> <span class='ocrx_word' id='word_1_100' title='bbox 840 1377 878 1439; x_wconf 92' lang='lat' dir='ltr'><strong>de</strong></span> <span class='ocrx_word' id='word_1_101' title='bbox 898 1378 1009 1440; x_wconf 89' lang='lat' dir='ltr'><strong>curatis</strong></span> <span class='ocrx_word' id='word_1_102' title='bbox 1031 1375 1182 1440; x_wconf 84' lang='lat' dir='ltr'><strong>inferiori·</strong></span> 
     </span>
     <span class='ocr_line' id='line_1_14' title="bbox 209 1465 1084 1549; baseline -0.002 -23"><span class='ocrx_word' id='word_1_103' title='bbox 209 1489 224 1526; x_wconf 77' lang='lat' dir='ltr'><strong>o</strong></span> <span class='ocrx_word' id='word_1_104' title='bbox 250 1468 344 1531; x_wconf 93' lang='lat' dir='ltr'><strong>bus...</strong></span> <span class='ocrx_word' id='word_1_105' title='bbox 361 1471 555 1531; x_wconf 87' lang='lat' dir='ltr'><strong>Sacrosancta</strong></span> <span class='ocrx_word' id='word_1_106' title='bbox 569 1467 709 1549; x_wconf 83' lang='lat' dir='ltr'><strong>Synodus</strong></span> <span class='ocrx_word' id='word_1_107' title='bbox 722 1465 853 1528; x_wconf 82' lang='lat' dir='ltr'><strong>declarat</strong></span> <span class='ocrx_word' id='word_1_108' title='bbox 865 1473 895 1528; x_wconf 91' lang='lat' dir='ltr'><strong>et</strong></span> <span class='ocrx_word' id='word_1_109' title='bbox 907 1466 1051 1528; x_wconf 82' lang='lat' dir='ltr'><strong>decernit.</strong></span> <span class='ocrx_word' id='word_1_110' title='bbox 1067 1488 1084 1524; x_wconf 81' lang='lat' dir='ltr'><strong>n</strong></span> 
     </span>
    </p>

    <p class='ocr_par' dir='ltr' id='par_1_4' title="bbox 206 1555 1183 1995">
     <span class='ocr_line' id='line_1_15' title="bbox 249 1555 1183 1640; baseline 0 -21"><span class='ocrx_word' id='word_1_111' title='bbox 249 1561 336 1621; x_wconf 75' lang='lat' dir='ltr'><strong>reso.</strong></span> <span class='ocrx_word' id='word_1_112' title='bbox 360 1559 389 1622; x_wconf 90' lang='lat' dir='ltr'><strong>Si</strong></span> <span class='ocrx_word' id='word_1_113' title='bbox 415 1557 530 1620; x_wconf 84' lang='lat' dir='ltr'><strong>abesset</strong></span> <span class='ocrx_word' id='word_1_114' title='bbox 552 1555 700 1640; x_wconf 88' lang='lat' dir='ltr'><strong>parochus</strong></span> <span class='ocrx_word' id='word_1_115' title='bbox 718 1573 788 1618; x_wconf 83' lang='lat' dir='ltr'><strong>eum</strong></span> <span class='ocrx_word' id='word_1_116' title='bbox 808 1557 889 1636; x_wconf 75' lang='lat' dir='ltr'><strong>Jusro</strong></span> <span class='ocrx_word' id='word_1_117' title='bbox 914 1559 1022 1632; x_wconf 78' lang='lat' dir='ltr'><strong>eausa,</strong></span> <span class='ocrx_word' id='word_1_118' title='bbox 1046 1555 1100 1618; x_wconf 86' lang='lat' dir='ltr'><strong>sed</strong></span> <span class='ocrx_word' id='word_1_119' title='bbox 1114 1557 1183 1620; x_wconf 76' lang='lat' dir='ltr'><strong>sine</strong></span> 
     </span>
     <span class='ocr_line' id='line_1_16' title="bbox 209 1643 1182 1725; baseline 0.001 -17"><span class='ocrx_word' id='word_1_120' title='bbox 209 1648 343 1725; x_wconf 80' lang='lat' dir='ltr'><strong>licentia,</strong></span> <span class='ocrx_word' id='word_1_121' title='bbox 367 1666 429 1710; x_wconf 91' lang='lat' dir='ltr'><strong>non</strong></span> <span class='ocrx_word' id='word_1_122' title='bbox 457 1653 609 1710; x_wconf 88' lang='lat' dir='ltr'><strong>teneretur</strong></span> <span class='ocrx_word' id='word_1_123' title='bbox 632 1645 669 1707; x_wconf 90' lang='lat' dir='ltr'><strong>ad</strong></span> <span class='ocrx_word' id='word_1_124' title='bbox 696 1645 914 1706; x_wconf 89' lang='lat' dir='ltr'><strong>restitutionem</strong></span> <span class='ocrx_word' id='word_1_125' title='bbox 934 1643 1087 1706; x_wconf 82' lang='lat' dir='ltr'><strong>fructuum</strong></span> <span class='ocrx_word' id='word_1_126' title='bbox 1109 1653 1182 1709; x_wconf 88' lang='lat' dir='ltr'><strong>ante</strong></span> 
     </span>
     <span class='ocr_line' id='line_1_17' title="bbox 206 1733 1182 1815; baseline -0.001 -17"><span class='ocrx_word' id='word_1_127' title='bbox 206 1737 313 1815; x_wconf 81' lang='lat' dir='ltr'><strong>judicis</strong></span> <span class='ocrx_word' id='word_1_128' title='bbox 337 1737 527 1800; x_wconf 84' lang='lat' dir='ltr'><strong>sententiam.</strong></span> <span class='ocrx_word' id='word_1_129' title='bbox 549 1738 593 1797; x_wconf 84' lang='lat' dir='ltr'><strong>lta</strong></span> <span class='ocrx_word' id='word_1_130' title='bbox 612 1735 685 1796; x_wconf 86' lang='lat' dir='ltr'><strong>Viva</strong></span> <span class='ocrx_word' id='word_1_131' title='bbox 707 1736 724 1796; x_wconf 80' lang='lat' dir='ltr'><strong>d</strong></span> <span class='ocrx_word' id='word_1_132' title='bbox 746 1735 777 1796; x_wconf 90' lang='lat' dir='ltr'><strong>S.</strong></span> <span class='ocrx_word' id='word_1_133' title='bbox 801 1734 919 1814; x_wconf 77' lang='lat' dir='ltr'><strong>[ignor.</strong></span> <span class='ocrx_word' id='word_1_134' title='bbox 943 1733 1058 1795; x_wconf 88' lang='lat' dir='ltr'><strong>citatus.</strong></span> <span class='ocrx_word' id='word_1_135' title='bbox 1086 1734 1182 1797; x_wconf 79' lang='lat' dir='ltr'><strong>Aliter</strong></span> 
     </span>
     <span class='ocr_line' id='line_1_18' title="bbox 207 1821 1180 1906; baseline -0.003 -19"><span class='ocrx_word' id='word_1_136' title='bbox 207 1834 285 1888; x_wconf 76' lang='lat' dir='ltr'><strong>asset</strong></span> <span class='ocrx_word' id='word_1_137' title='bbox 296 1825 459 1888; x_wconf 88' lang='lat' dir='ltr'><strong>dicendum</strong></span> <span class='ocrx_word' id='word_1_138' title='bbox 468 1825 684 1906; x_wconf 84' lang='lat' dir='ltr'><strong>deEpiscopis,</strong></span> <span class='ocrx_word' id='word_1_139' title='bbox 700 1841 736 1885; x_wconf 90' lang='lat' dir='ltr'><strong>ex</strong></span> <span class='ocrx_word' id='word_1_140' title='bbox 758 1823 841 1885; x_wconf 81' lang='lat' dir='ltr'><strong>Bulla</strong></span> <span class='ocrx_word' id='word_1_141' title='bbox 854 1821 965 1886; x_wconf 90' lang='lat' dir='ltr'><strong>Bened.</strong></span> <span class='ocrx_word' id='word_1_142' title='bbox 979 1822 1103 1885; x_wconf 79' lang='lat' dir='ltr'><strong>xlvad</strong></span> <span class='ocrx_word' id='word_1_143' title='bbox 1115 1825 1180 1885; x_wconf 82' lang='lat' dir='ltr'><strong>nni·</strong></span> 
     </span>
     <span class='ocr_line' id='line_1_19' title="bbox 207 1913 767 1995; baseline -0.002 -19"><span class='ocrx_word' id='word_1_144' title='bbox 207 1935 296 1978; x_wconf 87' lang='lat' dir='ltr'><strong>oersoe</strong></span> <span class='ocrx_word' id='word_1_145' title='bbox 309 1917 350 1995; x_wconf 91' lang='lat' dir='ltr'><strong>(S.</strong></span> <span class='ocrx_word' id='word_1_146' title='bbox 366 1915 501 1995; x_wconf 85' lang='lat' dir='ltr'><strong>Liguor.,</strong></span> <span class='ocrx_word' id='word_1_147' title='bbox 517 1913 571 1974; x_wconf 91' lang='lat' dir='ltr'><strong>lib.</strong></span> <span class='ocrx_word' id='word_1_148' title='bbox 586 1917 625 1990; x_wconf 75' lang='grc'><strong>4,</strong></span> <span class='ocrx_word' id='word_1_149' title='bbox 641 1924 675 1975; x_wconf 84' lang='lat' dir='ltr'><strong>n⁰</strong></span> <span class='ocrx_word' id='word_1_150' title='bbox 689 1916 767 1992; x_wconf 68' lang='lat' dir='ltr'><strong>lbi).</strong></span> 
     </span>
    </p>
   </div>
   <div class='ocr_carea' id='block_1_3' title="bbox 246 2001 1245 2084">
    <p class='ocr_par' dir='ltr' id='par_1_5' title="bbox 246 2001 1245 2084">
     <span class='ocr_line' id='line_1_20' title="bbox 246 2001 1245 2084; baseline 0.004 -18"><span class='ocrx_word' id='word_1_151' title='bbox 246 2004 276 2066; x_wconf 93' lang='lat' dir='ltr'><strong>Si</strong></span> <span class='ocrx_word' id='word_1_152' title='bbox 288 2004 359 2066; x_wconf 83' lang='lat' dir='ltr'><strong>verb</strong></span> <span class='ocrx_word' id='word_1_153' title='bbox 377 2003 525 2084; x_wconf 80' lang='lat' dir='ltr'><strong>parochus</strong></span> <span class='ocrx_word' id='word_1_154' title='bbox 544 2001 660 2065; x_wconf 85' lang='lat' dir='ltr'><strong>abesset</strong></span> <span class='ocrx_word' id='word_1_155' title='bbox 678 2003 757 2064; x_wconf 77' lang='lat' dir='ltr'><strong>bona</strong></span> <span class='ocrx_word' id='word_1_156' title='bbox 773 2001 832 2064; x_wconf 87' lang='lat' dir='ltr'><strong>fide</strong></span> <span class='ocrx_word' id='word_1_157' title='bbox 850 2001 928 2064; x_wconf 84' lang='lat' dir='ltr'><strong>ultra</strong></span> <span class='ocrx_word' id='word_1_158' title='bbox 945 2001 1087 2064; x_wconf 88' lang='lat' dir='ltr'><strong>bimestre</strong></span> <span class='ocrx_word' id='word_1_159' title='bbox 1105 2022 1179 2068; x_wconf 87' lang='lat' dir='ltr'><strong>oum</strong></span> <span class='ocrx_word' id='word_1_160' title='bbox 1244 2063 1245 2070; x_wconf 71' lang='grc'>,</span> 
     </span>
    </p>
   </div>
   <div class='ocr_carea' id='block_1_4' title="bbox 205 2090 1179 2352">
    <p class='ocr_par' dir='ltr' id='par_1_6' title="bbox 205 2090 1179 2352">
     <span class='ocr_line' id='line_1_21' title="bbox 205 2090 1177 2172; baseline 0.002 -19"><span class='ocrx_word' id='word_1_161' title='bbox 205 2092 422 2154; x_wconf 79' lang='lat' dir='ltr'><strong>existimatione</strong></span> <span class='ocrx_word' id='word_1_162' title='bbox 435 2109 533 2153; x_wconf 88' lang='lat' dir='ltr'><strong>causae</strong></span> <span class='ocrx_word' id='word_1_163' title='bbox 547 2090 736 2163; x_wconf 86' lang='lat' dir='ltr'><strong>sufficientis,</strong></span> <span class='ocrx_word' id='word_1_164' title='bbox 749 2110 815 2172; x_wconf 85' lang='lat' dir='ltr'><strong>quae</strong></span> <span class='ocrx_word' id='word_1_165' title='bbox 825 2093 926 2152; x_wconf 78' lang='lat' dir='ltr'><strong>revera</strong></span> <span class='ocrx_word' id='word_1_166' title='bbox 935 2090 1001 2152; x_wconf 90' lang='lat' dir='ltr'><strong>talis</strong></span> <span class='ocrx_word' id='word_1_167' title='bbox 1011 2109 1071 2153; x_wconf 92' lang='lat' dir='ltr'><strong>non</strong></span> <span class='ocrx_word' id='word_1_168' title='bbox 1080 2101 1177 2172; x_wconf 83' lang='lat' dir='ltr'><strong>asset,</strong></span> 
     </span>
     <span class='ocr_line' id='line_1_22' title="bbox 205 2179 1177 2263; baseline 0.001 -20"><span class='ocrx_word' id='word_1_169' title='bbox 205 2181 350 2263; x_wconf 86' lang='lat' dir='ltr'><strong>quidquid</strong></span> <span class='ocrx_word' id='word_1_170' title='bbox 372 2179 473 2242; x_wconf 90' lang='lat' dir='ltr'><strong>dicant</strong></span> <span class='ocrx_word' id='word_1_171' title='bbox 491 2179 521 2240; x_wconf 94' lang='lat' dir='ltr'><strong>in</strong></span> <span class='ocrx_word' id='word_1_172' title='bbox 540 2181 725 2244; x_wconf 87' lang='lat' dir='ltr'><strong>contrarium</strong></span> <span class='ocrx_word' id='word_1_173' title='bbox 739 2179 812 2241; x_wconf 85' lang='lat' dir='ltr'><strong>Viva</strong></span> <span class='ocrx_word' id='word_1_174' title='bbox 831 2187 860 2241; x_wconf 90' lang='lat' dir='ltr'><strong>et</strong></span> <span class='ocrx_word' id='word_1_175' title='bbox 881 2180 1017 2253; x_wconf 85' lang='lat' dir='ltr'><strong>Garoias,</strong></span> <span class='ocrx_word' id='word_1_176' title='bbox 1038 2184 1177 2244; x_wconf 86' lang='lat' dir='ltr'><strong>excusari</strong></span> 
     </span>
     <span class='ocr_line' id='line_1_23' title="bbox 205 2268 1179 2352; baseline 0.002 -22"><span class='ocrx_word' id='word_1_177' title='bbox 205 2288 266 2331; x_wconf 92' lang='lat' dir='ltr'><strong>non</strong></span> <span class='ocrx_word' id='word_1_178' title='bbox 281 2275 396 2352; x_wconf 88' lang='lat' dir='ltr'><strong>potest,</strong></span> <span class='ocrx_word' id='word_1_179' title='bbox 409 2269 533 2348; x_wconf 77' lang='lat' dir='ltr'><strong>juxtas.</strong></span> <span class='ocrx_word' id='word_1_180' title='bbox 549 2271 684 2350; x_wconf 62' lang='lat' dir='ltr'><strong>Liguor„</strong></span> <span class='ocrx_word' id='word_1_181' title='bbox 700 2269 737 2330; x_wconf 88' lang='lat' dir='ltr'><strong>ab</strong></span> <span class='ocrx_word' id='word_1_182' title='bbox 752 2269 934 2350; x_wconf 80' lang='lat' dir='ltr'><strong>obligatione</strong></span> <span class='ocrx_word' id='word_1_183' title='bbox 955 2268 1067 2330; x_wconf 87' lang='lat' dir='ltr'><strong>tructus</strong></span> <span class='ocrx_word' id='word_1_184' title='bbox 1086 2274 1179 2332; x_wconf 87' lang='lat' dir='ltr'><strong>resti-</strong></span> 
     </span>
    </p>
   </div>
   <div class='ocr_carea' id='block_1_5' title="bbox 203 2357 1244 2439">
    <p class='ocr_par' dir='ltr' id='par_1_7' title="bbox 203 2357 1244 2439">
     <span class='ocr_line' id='line_1_24' title="bbox 203 2357 1244 2439; baseline 0 -19"><span class='ocrx_word' id='word_1_185' title='bbox 203 2358 307 2420; x_wconf 89' lang='lat' dir='ltr'><strong>tuendi</strong></span> <span class='ocrx_word' id='word_1_186' title='bbox 314 2379 322 2434; x_wconf 90' lang='lat'>;</span> <span class='ocrx_word' id='word_1_187' title='bbox 339 2359 410 2439; x_wconf 90' lang='lat' dir='ltr'><strong>quia</strong></span> <span class='ocrx_word' id='word_1_188' title='bbox 423 2357 536 2420; x_wconf 82' lang='lat' dir='ltr'><strong>tructus</strong></span> <span class='ocrx_word' id='word_1_189' title='bbox 558 2377 619 2420; x_wconf 93' lang='lat' dir='ltr'><strong>non</strong></span> <span class='ocrx_word' id='word_1_190' title='bbox 639 2357 747 2419; x_wconf 90' lang='lat' dir='ltr'><strong>dantur</strong></span> <span class='ocrx_word' id='word_1_191' title='bbox 767 2358 822 2419; x_wconf 90' lang='lat' dir='ltr'><strong>nisi</strong></span> <span class='ocrx_word' id='word_1_192' title='bbox 843 2357 900 2419; x_wconf 91' lang='lat' dir='ltr'><strong>sub</strong></span> <span class='ocrx_word' id='word_1_193' title='bbox 914 2357 1086 2420; x_wconf 86' lang='lat' dir='ltr'><strong>conditione</strong></span> <span class='ocrx_word' id='word_1_194' title='bbox 1099 2361 1179 2422; x_wconf 88' lang='lat' dir='ltr'><strong>resi·</strong></span> <span class='ocrx_word' id='word_1_195' title='bbox 1243 2367 1244 2430; x_wconf 60' lang='grc' dir='ltr'>ξ</span> 
     </span>
    </p>
   </div>
   <div class='ocr_carea' id='block_1_6' title="bbox 196 2445 1180 3750">
    <p class='ocr_par' dir='ltr' id='par_1_8' title="bbox 203 2445 1180 2616">
     <span class='ocr_line' id='line_1_25' title="bbox 203 2445 1180 2528; baseline 0.003 -21"><span class='ocrx_word' id='word_1_196' title='bbox 203 2445 329 2524; x_wconf 72' lang='lat' dir='ltr'><strong>dentiae,</strong></span> <span class='ocrx_word' id='word_1_197' title='bbox 341 2465 408 2527; x_wconf 81' lang='lat' dir='ltr'><strong>quae</strong></span> <span class='ocrx_word' id='word_1_198' title='bbox 423 2453 606 2509; x_wconf 82' lang='lat' dir='ltr'><strong>tuncrerera</strong></span> <span class='ocrx_word' id='word_1_199' title='bbox 621 2466 682 2508; x_wconf 92' lang='lat' dir='ltr'><strong>non</strong></span> <span class='ocrx_word' id='word_1_200' title='bbox 698 2447 754 2508; x_wconf 85' lang='lat' dir='ltr'><strong>tuit</strong></span> <span class='ocrx_word' id='word_1_201' title='bbox 766 2448 920 2508; x_wconf 78' lang='lat' dir='ltr'><strong>observata</strong></span> <span class='ocrx_word' id='word_1_202' title='bbox 933 2447 1069 2528; x_wconf 86' lang='lat' dir='ltr'><strong>quamvis</strong></span> <span class='ocrx_word' id='word_1_203' title='bbox 1080 2447 1180 2512; x_wconf 89' lang='lat' dir='ltr'><strong>incul-</strong></span> 
     </span>
     <span class='ocr_line' id='line_1_26' title="bbox 203 2535 917 2616; baseline 0 -19"><span class='ocrx_word' id='word_1_204' title='bbox 203 2535 349 2616; x_wconf 89' lang='lat' dir='ltr'><strong>pabiliter.</strong></span> <span class='ocrx_word' id='word_1_205' title='bbox 364 2537 394 2598; x_wconf 89' lang='lat' dir='ltr'><strong>S.</strong></span> <span class='ocrx_word' id='word_1_206' title='bbox 411 2535 544 2616; x_wconf 82' lang='lat' dir='ltr'><strong>Liguor.,</strong></span> <span class='ocrx_word' id='word_1_207' title='bbox 556 2535 656 2612; x_wconf 72' lang='lat' dir='ltr'><strong>libi,</strong></span> <span class='ocrx_word' id='word_1_208' title='bbox 669 2545 702 2597; x_wconf 75' lang='lat' dir='ltr'><strong>no</strong></span> <span class='ocrx_word' id='word_1_209' title='bbox 714 2541 782 2610; x_wconf 71' lang='lat' dir='ltr'><strong>tt&#39;l,</strong></span> <span class='ocrx_word' id='word_1_210' title='bbox 798 2535 870 2598; x_wconf 90' lang='lat' dir='ltr'><strong>dub.</strong></span> <span class='ocrx_word' id='word_1_211' title='bbox 887 2541 917 2598; x_wconf 77' lang='grc'><strong>2.</strong></span> 
     </span>
    </p>

    <p class='ocr_par' dir='ltr' id='par_1_9' title="bbox 199 2625 1178 3240">
     <span class='ocr_line' id='line_1_27' title="bbox 243 2625 1178 2707; baseline 0.006 -21"><span class='ocrx_word' id='word_1_212' title='bbox 243 2628 330 2688; x_wconf 79' lang='lat' dir='ltr'><strong>rtet.</strong></span> <span class='ocrx_word' id='word_1_213' title='bbox 354 2625 587 2687; x_wconf 72' lang='lat' dir='ltr'><strong>controvertitur</strong></span> <span class='ocrx_word' id='word_1_214' title='bbox 614 2631 716 2687; x_wconf 84' lang='lat' dir='ltr'><strong>autem</strong></span> <span class='ocrx_word' id='word_1_215' title='bbox 735 2632 838 2688; x_wconf 87' lang='lat' dir='ltr'><strong>utrum</strong></span> <span class='ocrx_word' id='word_1_216' title='bbox 852 2626 891 2688; x_wconf 90' lang='lat' dir='ltr'><strong>sit</strong></span> <span class='ocrx_word' id='word_1_217' title='bbox 909 2625 1051 2707; x_wconf 80' lang='lat' dir='ltr'><strong>obligatio</strong></span> <span class='ocrx_word' id='word_1_218' title='bbox 1064 2644 1178 2692; x_wconf 87' lang='lat' dir='ltr'><strong>omnes</strong></span> 
     </span>
     <span class='ocr_line' id='line_1_28' title="bbox 202 2713 1174 2796; baseline 0.006 -22"><span class='ocrx_word' id='word_1_219' title='bbox 202 2713 314 2777; x_wconf 79' lang='lat' dir='ltr'><strong>tructas</strong></span> <span class='ocrx_word' id='word_1_220' title='bbox 336 2713 462 2796; x_wconf 83' lang='lat' dir='ltr'><strong>tempori</strong></span> <span class='ocrx_word' id='word_1_221' title='bbox 495 2713 637 2776; x_wconf 80' lang='lat' dir='ltr'><strong>absentia</strong></span> <span class='ocrx_word' id='word_1_222' title='bbox 668 2714 955 2796; x_wconf 85' lang='lat' dir='ltr'><strong>correspondentes,</strong></span> <span class='ocrx_word' id='word_1_223' title='bbox 983 2717 1174 2780; x_wconf 88' lang='lat' dir='ltr'><strong>restituendi.</strong></span> 
     </span>
     <span class='ocr_line' id='line_1_29' title="bbox 202 2802 1176 2884; baseline 0.007 -22"><span class='ocrx_word' id='word_1_224' title='bbox 202 2803 389 2864; x_wconf 87' lang='lat' dir='ltr'><strong>Probabitem</strong></span> <span class='ocrx_word' id='word_1_225' title='bbox 404 2807 488 2884; x_wconf 79' lang='lat' dir='ltr'><strong>putat</strong></span> <span class='ocrx_word' id='word_1_226' title='bbox 496 2803 527 2866; x_wconf 87' lang='lat' dir='ltr'><strong>S.</strong></span> <span class='ocrx_word' id='word_1_227' title='bbox 545 2803 666 2884; x_wconf 77' lang='lat' dir='ltr'><strong>Lignor.</strong></span> <span class='ocrx_word' id='word_1_228' title='bbox 683 2802 828 2865; x_wconf 89' lang='lat' dir='ltr'><strong>cumatiis</strong></span> <span class='ocrx_word' id='word_1_229' title='bbox 841 2803 979 2884; x_wconf 88' lang='lat' dir='ltr'><strong>pluribus</strong></span> <span class='ocrx_word' id='word_1_230' title='bbox 991 2807 1176 2869; x_wconf 82' lang='lat' dir='ltr'><strong>sententiam</strong></span> 
     </span>
     <span class='ocr_line' id='line_1_30' title="bbox 200 2891 1177 2974; baseline 0.005 -21"><span class='ocrx_word' id='word_1_231' title='bbox 200 2910 268 2972; x_wconf 83' lang='lat' dir='ltr'><strong>quae</strong></span> <span class='ocrx_word' id='word_1_232' title='bbox 282 2891 353 2953; x_wconf 89' lang='lat' dir='ltr'><strong>dicit</strong></span> <span class='ocrx_word' id='word_1_233' title='bbox 361 2909 427 2954; x_wconf 86' lang='lat' dir='ltr'><strong>esse</strong></span> <span class='ocrx_word' id='word_1_234' title='bbox 436 2893 553 2954; x_wconf 86' lang='lat' dir='ltr'><strong>tantbm</strong></span> <span class='ocrx_word' id='word_1_235' title='bbox 564 2891 777 2972; x_wconf 82' lang='lat' dir='ltr'><strong>obligationem</strong></span> <span class='ocrx_word' id='word_1_236' title='bbox 787 2892 960 2954; x_wconf 88' lang='lat' dir='ltr'><strong>restituendi</strong></span> <span class='ocrx_word' id='word_1_237' title='bbox 970 2901 1083 2974; x_wconf 87' lang='lat' dir='ltr'><strong>partem</strong></span> <span class='ocrx_word' id='word_1_238' title='bbox 1093 2893 1177 2958; x_wconf 87' lang='lat' dir='ltr'><strong>true-</strong></span> 
     </span>
     <span class='ocr_line' id='line_1_31' title="bbox 199 2979 1175 3062; baseline 0.007 -22"><span class='ocrx_word' id='word_1_239' title='bbox 199 2987 286 3041; x_wconf 88' lang='lat' dir='ltr'><strong>tunm</strong></span> <span class='ocrx_word' id='word_1_240' title='bbox 305 2997 372 3060; x_wconf 78' lang='lat' dir='ltr'><strong>quae</strong></span> <span class='ocrx_word' id='word_1_241' title='bbox 394 2979 562 3042; x_wconf 77' lang='lat' dir='ltr'><strong>residentia</strong></span> <span class='ocrx_word' id='word_1_242' title='bbox 583 2979 811 3062; x_wconf 84' lang='lat' dir='ltr'><strong>correspondet,</strong></span> <span class='ocrx_word' id='word_1_243' title='bbox 835 2981 906 3061; x_wconf 88' lang='lat' dir='ltr'><strong>quia</strong></span> <span class='ocrx_word' id='word_1_244' title='bbox 926 2980 1039 3046; x_wconf 85' lang='lat' dir='ltr'><strong>tructus</strong></span> <span class='ocrx_word' id='word_1_245' title='bbox 1059 2981 1175 3047; x_wconf 87' lang='lat' dir='ltr'><strong>dantur</strong></span> 
     </span>
     <span class='ocr_line' id='line_1_32' title="bbox 200 3069 1174 3156; baseline 0.01 -28"><span class='ocrx_word' id='word_1_246' title='bbox 200 3069 367 3149; x_wconf 89' lang='lat' dir='ltr'><strong>pastoribus</strong></span> <span class='ocrx_word' id='word_1_247' title='bbox 381 3088 442 3131; x_wconf 91' lang='lat' dir='ltr'><strong>non</strong></span> <span class='ocrx_word' id='word_1_248' title='bbox 457 3071 555 3132; x_wconf 86' lang='lat' dir='ltr'><strong>sotirm</strong></span> <span class='ocrx_word' id='word_1_249' title='bbox 570 3087 625 3150; x_wconf 91' lang='lat' dir='ltr'><strong>pro</strong></span> <span class='ocrx_word' id='word_1_250' title='bbox 639 3087 732 3132; x_wconf 90' lang='lat' dir='ltr'><strong>onere</strong></span> <span class='ocrx_word' id='word_1_251' title='bbox 743 3069 926 3140; x_wconf 75' lang='lat' dir='ltr'><strong>residentiae,</strong></span> <span class='ocrx_word' id='word_1_252' title='bbox 943 3070 1100 3134; x_wconf 87' lang='lat' dir='ltr'><strong>sedetiam</strong></span> <span class='ocrx_word' id='word_1_253' title='bbox 1117 3094 1174 3156; x_wconf 91' lang='lat' dir='ltr'><strong>pro</strong></span> 
     </span>
     <span class='ocr_line' id='line_1_33' title="bbox 200 3157 1124 3240; baseline 0.005 -20"><span class='ocrx_word' id='word_1_254' title='bbox 200 3157 371 3220; x_wconf 86' lang='lat' dir='ltr'><strong>recitatione</strong></span> <span class='ocrx_word' id='word_1_255' title='bbox 383 3157 475 3220; x_wconf 91' lang='lat' dir='ltr'><strong>divini</strong></span> <span class='ocrx_word' id='word_1_256' title='bbox 490 3157 578 3220; x_wconf 88' lang='lat' dir='ltr'><strong>officii</strong></span> <span class='ocrx_word' id='word_1_257' title='bbox 594 3165 624 3219; x_wconf 88' lang='lat' dir='ltr'><strong>et</strong></span> <span class='ocrx_word' id='word_1_258' title='bbox 636 3158 701 3221; x_wconf 89' lang='lat' dir='ltr'><strong>aliis</strong></span> <span class='ocrx_word' id='word_1_259' title='bbox 715 3159 891 3222; x_wconf 83' lang='lat' dir='ltr'><strong>muneribus</strong></span> <span class='ocrx_word' id='word_1_260' title='bbox 905 3158 971 3237; x_wconf 74' lang='lat' dir='ltr'><strong>(ib,</strong></span> <span class='ocrx_word' id='word_1_261' title='bbox 986 3159 1059 3222; x_wconf 90' lang='lat' dir='ltr'><strong>dub.</strong></span> <span class='ocrx_word' id='word_1_262' title='bbox 1074 3163 1124 3240; x_wconf 80' lang='lat' dir='ltr'><strong>t).</strong></span> 
     </span>
    </p>

    <p class='ocr_par' dir='ltr' id='par_1_10' title="bbox 197 3247 1173 3417">
     <span class='ocr_line' id='line_1_34' title="bbox 238 3247 1173 3330; baseline 0.012 -24"><span class='ocrx_word' id='word_1_263' title='bbox 238 3250 327 3310; x_wconf 74' lang='lat' dir='ltr'><strong>ttae.</strong></span> <span class='ocrx_word' id='word_1_264' title='bbox 351 3248 471 3320; x_wconf 77' lang='lat' dir='ltr'><strong>Ouarit.</strong></span> <span class='ocrx_word' id='word_1_265' title='bbox 487 3251 538 3308; x_wconf 79' lang='lat' dir='ltr'><strong>tt·</strong></span> <span class='ocrx_word' id='word_1_266' title='bbox 549 3247 706 3320; x_wconf 85' lang='lat' dir='ltr'><strong>Quomodo</strong></span> <span class='ocrx_word' id='word_1_267' title='bbox 716 3249 882 3330; x_wconf 85' lang='lat' dir='ltr'><strong>Episcopus</strong></span> <span class='ocrx_word' id='word_1_268' title='bbox 892 3248 1054 3328; x_wconf 86' lang='lat' dir='ltr'><strong>procedere</strong></span> <span class='ocrx_word' id='word_1_269' title='bbox 1062 3249 1173 3316; x_wconf 83' lang='lat' dir='ltr'><strong>debeat</strong></span> 
     </span>
     <span class='ocr_line' id='line_1_35' title="bbox 197 3335 739 3417; baseline 0.002 -20"><span class='ocrx_word' id='word_1_270' title='bbox 197 3341 301 3397; x_wconf 86' lang='lat' dir='ltr'><strong>contra</strong></span> <span class='ocrx_word' id='word_1_271' title='bbox 315 3335 460 3417; x_wconf 88' lang='lat' dir='ltr'><strong>parochos</strong></span> <span class='ocrx_word' id='word_1_272' title='bbox 475 3353 536 3396; x_wconf 92' lang='lat' dir='ltr'><strong>non</strong></span> <span class='ocrx_word' id='word_1_273' title='bbox 551 3335 739 3398; x_wconf 78' lang='lat' dir='ltr'><strong>residentes?</strong></span> 
     </span>
    </p>

    <p class='ocr_par' dir='ltr' id='par_1_11' title="bbox 196 3424 1171 3750">
     <span class='ocr_line' id='line_1_36' title="bbox 237 3424 1168 3505; baseline 0.014 -22"><span class='ocrx_word' id='word_1_274' title='bbox 237 3425 327 3505; x_wconf 83' lang='lat' dir='ltr'><strong>Itesp.</strong></span> <span class='ocrx_word' id='word_1_275' title='bbox 348 3424 465 3486; x_wconf 87' lang='lat' dir='ltr'><strong>Omisso</strong></span> <span class='ocrx_word' id='word_1_276' title='bbox 488 3424 668 3504; x_wconf 87' lang='lat' dir='ltr'><strong>procedendi</strong></span> <span class='ocrx_word' id='word_1_277' title='bbox 692 3425 783 3488; x_wconf 92' lang='lat' dir='ltr'><strong>modo</strong></span> <span class='ocrx_word' id='word_1_278' title='bbox 805 3433 874 3489; x_wconf 88' lang='lat' dir='ltr'><strong>ante</strong></span> <span class='ocrx_word' id='word_1_279' title='bbox 898 3427 1011 3491; x_wconf 88' lang='lat' dir='ltr'><strong>Concil.</strong></span> <span class='ocrx_word' id='word_1_280' title='bbox 1031 3429 1168 3496; x_wconf 81' lang='lat' dir='ltr'><strong>Trident.</strong></span> 
     </span>
     <span class='ocr_line' id='line_1_37' title="bbox 197 3511 1168 3600; baseline 0.011 -28"><span class='ocrx_word' id='word_1_281' title='bbox 197 3513 323 3587; x_wconf 85' lang='lat' dir='ltr'><strong>usitato,</strong></span> <span class='ocrx_word' id='word_1_282' title='bbox 338 3512 390 3592; x_wconf 87' lang='lat' dir='ltr'><strong>qui</strong></span> <span class='ocrx_word' id='word_1_283' title='bbox 414 3511 506 3574; x_wconf 89' lang='lat' dir='ltr'><strong>videri</strong></span> <span class='ocrx_word' id='word_1_284' title='bbox 532 3519 630 3594; x_wconf 89' lang='lat' dir='ltr'><strong>potest</strong></span> <span class='ocrx_word' id='word_1_285' title='bbox 653 3514 733 3596; x_wconf 87' lang='lat' dir='ltr'><strong>apud</strong></span> <span class='ocrx_word' id='word_1_286' title='bbox 756 3517 792 3577; x_wconf 88' lang='lat' dir='ltr'><strong>D.</strong></span> <span class='ocrx_word' id='word_1_287' title='bbox 823 3516 934 3592; x_wconf 87' lang='lat' dir='ltr'><strong>Bouix,</strong></span> <span class='ocrx_word' id='word_1_288' title='bbox 949 3517 994 3579; x_wconf 86' lang='lat' dir='ltr'><strong>De</strong></span> <span class='ocrx_word' id='word_1_289' title='bbox 1019 3517 1168 3600; x_wconf 84' lang='lat' dir='ltr'><strong>Paroclro,</strong></span> 
     </span>
     <span class='ocr_line' id='line_1_38' title="bbox 196 3601 1171 3750; baseline 0.012 -90"><span class='ocrx_word' id='word_1_290' title='bbox 196 3620 227 3750; x_wconf 78' lang='lat' dir='ltr'><strong>p.</strong></span> <span class='ocrx_word' id='word_1_291' title='bbox 245 3605 319 3748; x_wconf 55' lang='grc' dir='ltr'>5ἑὶ3,</span> <span class='ocrx_word' id='word_1_292' title='bbox 338 3607 409 3679; x_wconf 81' lang='lat' dir='ltr'><strong>ete,</strong></span> <span class='ocrx_word' id='word_1_293' title='bbox 425 3601 467 3662; x_wconf 92' lang='lat' dir='ltr'><strong>sic</strong></span> <span class='ocrx_word' id='word_1_294' title='bbox 480 3604 498 3662; x_wconf 79' lang='lat' dir='ltr'><strong>a</strong></span> <span class='ocrx_word' id='word_1_295' title='bbox 513 3610 649 3687; x_wconf 90' lang='lat' dir='ltr'><strong>tempore</strong></span> <span class='ocrx_word' id='word_1_296' title='bbox 663 3606 753 3686; x_wconf 89' lang='lat' dir='ltr'><strong>hujus</strong></span> <span class='ocrx_word' id='word_1_297' title='bbox 767 3605 891 3669; x_wconf 85' lang='lat' dir='ltr'><strong>Concilii</strong></span> <span class='ocrx_word' id='word_1_298' title='bbox 907 3605 995 3668; x_wconf 88' lang='lat' dir='ltr'><strong>hodia</strong></span> <span class='ocrx_word' id='word_1_299' title='bbox 1008 3614 1054 3670; x_wconf 84' lang='lat' dir='ltr'><strong>est</strong></span> <span class='ocrx_word' id='word_1_300' title='bbox 1063 3625 1171 3688; x_wconf 84' lang='lat' dir='ltr'><strong>prooe-</strong></span> 
     </span>
     <span class='ocr_line' id='line_1_39' title="bbox 217 3703 342 3750; baseline 0.032 -4"><span class='ocrx_word' id='word_1_301' title='bbox 217 3703 256 3748; x_wconf 89' lang='lat' dir='ltr'><strong>en</strong></span> <span class='ocrx_word' id='word_1_302' title='bbox 278 3703 342 3750; x_wconf 83' lang='lat' dir='ltr'><strong>um.</strong></span> 
     </span>
    </p>
   </div>
   <div class='ocr_carea' id='block_1_7' title="bbox 0 0 1266 3996">
    <p class='ocr_par' dir='ltr' id='par_1_12' title="bbox 0 0 1266 3996">
     <span class='ocr_line' id='line_1_40' title="bbox 0 0 1266 3996; baseline 0 5"><span class='ocrx_word' id='word_1_303' title='bbox 0 0 1266 3996; x_wconf 95' lang='lat' dir='ltr'><strong> </strong></span> 
     </span>
    </p>
   </div>
  </div>
 </body>
</html>
