2486 3984
195 174 252 243 idi
411 195 550 242 nisurus.
570 189 672 243 tortus
692 188 775 242 roms
794 191 945 240 uanomm.

193 296 279 360 datur
288 297 444 380 Episcopis
458 297 583 360 facultas
591 293 784 379 dispensandi
797 310 890 375 super
903 290 1169 372 irregularitatibus

192 405 230 448 rr
238 385 343 448 delicto
355 385 465 450 occulto
474 385 719 468 provenientibus
735 389 785 446 :et
798 383 842 446 sic
854 381 1122 446 convaliturum
1134 383 1169 446 ab

195 474 370 539 adversariis
383 476 521 558 allegata.

233 567 321 628 7767.
344 565 468 639 Quaerit.
484 568 516 627 3⁰
533 569 579 628 An
593 565 630 628 ad
642 561 855 626 incurrendam
870 560 1122 642 irregularitatem
1137 582 1171 625 rr

195 653 297 717 delicto
313 654 484 737 requiratur
498 654 622 718 scientia
636 654 711 734 legis
724 651 933 716 ecclesiasticae
946 657 1106 732 peccatum
1121 671 1168 714 re·

196 744 294 813 tontis,
305 745 452 826 etpuritcr
463 739 1016 824 scicntiairregularitatisprohibitioni
1025 742 1171 803 annexae?

199 863 233 879 -
246 833 366 895 Certum
389 832 539 914 estquod
562 832 600 896 ad
621 830 835 901 incurrendam
862 827 1115 910 irregularitatem
1135 851 1170 892 er
1239 895 1240 898 ,

195 919 319 1000 defectu,
333 921 459 984 minime
467 921 632 1003 requiritur
645 921 771 985 scientia
780 919 854 1000 legis
868 927 919 981 aut
935 917 1168 998 irregularitatis.

235 1007 322 1092 Resp.
345 1011 375 1072 l·
393 1005 499 1083 'Quoad
513 1011 667 1073 scientium
688 1009 760 1092 lepis
773 1008 987 1081 ecclesiasticae,
1002 1007 1114 1088 duplex
1129 1015 1170 1071 est

194 1101 342 1162 sententia
356 1118 364 1160 ε
377 1100 484 1175 Primo
495 1108 584 1182 negat
600 1120 607 1161 :
624 1101 694 1181 quia
709 1099 760 1182 qui
775 1099 835 1161 vult
847 1107 1016 1180 peccatum,
1028 1097 1171 1178 implicite

195 1187 257 1250 vult
270 1205 391 1268 pienum
405 1208 474 1270 quae
488 1187 559 1252 huic
569 1189 706 1252 inuritur.
723 1187 856 1251 Secundo
869 1185 1017 1248 sententia
1030 1185 1169 1263 atlirrnat,

195 1281 225 1338 et
236 1285 357 1341 vocatur
370 1279 388 1340 d
402 1279 433 1341 S.
451 1280 571 1360 liguor.
588 1278 821 1340 communissima
836 1285 865 1338 et
882 1274 1092 1358 probabilior:
1106 1295 1172 1357 pro-

195 1363 282 1429 batur
294 1386 331 1430 ex
345 1387 412 1452 cap.
429 1369 624 1450 Proposuisti,
637 1368 706 1430 dist.
724 1372 773 1444 82,
785 1367 835 1429 ubi
847 1369 1002 1428 lnnocent.
1016 1365 1028 1425 l
1040 1363 1171 1429 declarat

195 1453 390 1537 deponendus
418 1476 480 1520 non
507 1475 573 1521 esse
600 1456 747 1540 quosdam
775 1455 899 1518 ciericos
931 1453 1169 1532 incontinentes,

196 1553 285 1626 prout
306 1553 449 1611 statutum
464 1547 591 1611 fueratis
607 1549 686 1630 Papa
710 1545 833 1621 Siricio,
849 1546 886 1608 ed
900 1541 983 1626 qudd
997 1541 1078 1606 illius
1092 1547 1170 1607 Pon·
1240 1548 1241 1609 i

195 1633 283 1699 tidcis
296 1635 525 1720 dispositionem
541 1635 754 1720 ignoraverint.
771 1635 851 1716 Ergo
869 1641 926 1696 etc.
1240 1646 1241 1665 ¹

236 1729 322 1789 1768.
347 1727 432 1790 Circa
458 1733 559 1788 tamen
583 1725 799 1800 homicidium,
822 1723 877 1786 etsi
900 1725 932 1786 S.
956 1723 1082 1806 Liguor.
1108 1741 1170 1786 non

196 1815 303 1878 audeat
325 1815 487 1897 reprobare
500 1815 579 1878 hanc
592 1813 755 1877 secundam
771 1814 969 1889 sententiam,
987 1813 1052 1896 ipse
1069 1821 1169 1875 tamen

196 1912 278 1984 putat
293 1905 420 1986 primam
436 1923 501 1966 csse
522 1903 702 1974 tenendam,
725 1901 764 1964 ob
786 1901 987 1964 indecentiam
1006 1920 1077 1984 quae
1090 1921 1170 1984 repe

196 1991 303 2054 riretur
318 1993 348 2054 in
360 2011 397 2055 eo
409 1991 490 2074 qudd
505 1993 571 2054 talis
582 1990 733 2054 homicida
742 1991 833 2053 altare
842 1990 1060 2054 conscenderet
1070 2011 1079 2066 ;
1091 1991 1169 2054 unde

197 2081 309 2144 Concil.
324 2081 458 2144 'ludent
470 2082 558 2159 (sess.
576 2087 625 2157 tl,
640 2099 667 2143 c.
685 2083 714 2159 7)
724 2080 797 2142 dicit
810 2081 901 2143 talem
914 2081 953 2143 ab
963 2080 1049 2142 altari
1061 2079 1170 2142 debere

196 2170 293 2232 avelli.
308 2206 349 2216 -
363 2173 405 2248 (S.
422 2171 557 2252 Liguor.,
572 2170 623 2232 lib.
637 2175 655 2232 7
668 2218 676 2248 ,
692 2172 776 2248 350.)

238 2263 325 2322 1769.
350 2295 390 2306 -
411 2265 443 2322 2⁰
467 2260 570 2332 Quoad
593 2259 746 2321 scientium
775 2255 1035 2340 irregularitatis,
1060 2259 1168 2341 duplex

196 2349 286 2411 etiam
307 2356 351 2411 est
365 2349 512 2411 sententia
528 2369 536 2410 ε
554 2349 658 2410 l'rr'ma
677 2357 766 2425 negat
780 2349 859 2411 hanc
873 2349 1030 2411 scientiam
1044 2367 1111 2410 esse
1125 2368 1170 2411 re-

197 2438 338 2518 quisitam
359 2436 396 2500 ad
420 2439 632 2501 incurrendam
653 2439 921 2521 irregularitatem
945 2439 1017 2519 quia
1031 2437 1171 2520 irregula-

197 2528 278 2605 ritas,
293 2535 344 2590 aut
360 2547 420 2590 non
436 2535 480 2590 est
490 2547 586 2610 poena.
601 2534 652 2590 aut
661 2529 766 2589 saltem
779 2547 840 2590 non
855 2535 899 2590 est
910 2545 999 2608 poena
1009 2527 1172 2590 medicina·

198 2616 249 2687 lis,
275 2624 364 2700 prout
382 2625 618 2693 suntcensurae;
641 2619 730 2698 porrd
752 2623 786 2680 ut
803 2635 902 2700 poenae
917 2624 1026 2698 praeter
1046 2615 1170 2679 medici-

198 2707 280 2769 nales
302 2707 513 2783 incurrantur,
538 2723 600 2768 non
614 2706 776 2786 requiritur
790 2724 894 2768 earum
908 2705 1053 2787 cognitio.
1071 2707 1151 2787 llrgu
1159 2749 1168 2780 ,

197 2804 253 2857 etc.
271 2798 341 2859 llaec
354 2798 451 2877 prima
463 2796 613 2857 sententia
625 2803 747 2858 vocatur
771 2797 789 2857 'a
803 2797 835 2858 S.
853 2796 988 2878 liguum,
1003 2793 1091 2858 ualde
1100 2815 1171 2877 pro-

199 2883 328 2946 dudr'lr'or
340 2885 406 2962 pb„
423 2896 456 2946 n·
469 2884 555 2962 351).

236 2973 369 3036 Secundo
383 2975 547 3052 sententia,
564 2993 656 3056 quarn
670 2973 752 3037 idem
766 2979 892 3040 Sanctus
903 2975 977 3038 sutis
987 2973 1171 3059 probabilem

200 3071 370 3144 nuncupat,
387 3061 513 3124 affirmat
528 3066 663 3126 notitiam
678 3065 901 3147 irregularitatis
914 3067 1026 3148 requiri
1041 3065 1079 3128 ad
1091 3064 1172 3126 illum

199 3148 430 3228 incurrendam
446 3151 517 3233 quia
531 3153 600 3214 licet
615 3173 675 3216 non
690 3157 860 3236 requiratur
875 3155 999 3217 scientia
1014 3173 1125 3236 poenae,
1140 3151 1186 3224 uti

198 3240 262 3323 ipsa
277 3244 445 3304 incurratur
459 3241 582 3322 quando
602 3251 644 3306 est
659 3243 810 3306 ordinaria
824 3253 853 3306 et
867 3245 945 3322 talis,
959 3252 991 3306 ut
1005 3261 1042 3306 ex
1065 3245 1172 3306 natura

197 3331 291 3415 ipsius
312 3331 446 3394 criminis
467 3332 676 3415 aliquomodo
697 3333 851 3415 praevideri
868 3334 979 3416 possit,
994 3341 1100 3394 tamen
1123 3333 1170 3392 illa

197 3421 321 3483 scientia
336 3423 508 3503 requiritur,
524 3421 646 3502 quando
656 3441 744 3503 prena
758 3431 803 3484 est
816 3422 1052 3484 extraordinaria
1065 3431 1096 3483 et
1105 3421 1173 3482 tulis

197 3517 231 3573 ut
246 3513 345 3574 necin
359 3512 485 3574 confuso
500 3511 653 3594 praevideri
670 3515 819 3593 potuerit;
833 3521 864 3576 ct
877 3510 1050 3592 hujusmodi
1066 3511 1172 3594 utique

197 3606 242 3664 est
254 3619 343 3684 poena
356 3599 590 3682 irregularitatis.
605 3603 694 3682 Ergo,
710 3611 769 3665 etc.
