2528 3996
226 244 287 308 420
417 321 419 326 Ι
445 258 582 308 murem
600 258 702 306 sonus
719 259 803 306 sonis
824 226 972 306 cenomcr.

226 363 295 441 gat,
311 359 336 421 si
351 357 408 422 hoo
430 356 462 420 in
482 357 545 439 ipsa
559 356 736 418 declaretur.
761 356 792 419 Si
810 360 880 420 vero
895 357 932 418 ‹le
948 357 1004 418 lice
1015 359 1134 440 regula
1148 381 1228 424 om.
1246 363 1247 406 1

227 447 301 510 nino
320 446 422 521 sileat,
443 445 672 508 controvertitur
694 463 734 507 an
755 451 830 508 tunc
844 447 948 528 regule
961 447 1076 530 obliget
1095 469 1104 510 :
1124 459 1226 514 ante·
1246 475 1247 528 t

228 536 367 618 ponenda
380 541 445 610 est,
461 533 558 618 inquit
580 535 615 596 D.
642 533 736 595 Bonis
759 541 827 616 post
840 535 1025 612 Suarezium,
1052 541 1224 602 sententia
1246 535 1247 626 t

228 643 296 706 qum
308 630 389 687 tenet
403 623 538 706 regulum
551 628 624 685 tuno
638 621 694 684 sub
703 623 782 703 gravi
799 641 860 684 non
875 623 1016 705 obligare,
1033 631 1067 688 et
1078 625 1222 708 dignos·

227 714 359 777 cendum
379 720 424 775 est
444 731 480 774 en
494 711 741 786 circumstantiis,
763 717 793 772 et
816 715 936 794 recepti
956 714 1221 794 interpretatione
1246 741 1247 790 t

230 803 261 865 in
277 805 459 884 uniquique
473 800 638 882 Religione,
653 818 692 860 en
707 799 820 882 obliget
833 800 889 863 sub
903 800 957 862 leri
972 810 1024 864 aut
1036 804 1168 866 tantum
1179 805 1220 866 ad

231 909 350 973 poenem
381 888 568 952 subcundum
592 887 667 966 (id,
696 891 799 954 stol:
829 889 854 950 si
875 907 913 952 ex
933 889 1015 953 bono
1046 889 1114 954 line
1145 895 1220 975 quis

231 980 364 1060 regulam
373 977 480 1038 silentii
495 975 741 1058 transgrediatur,
758 983 806 1050 ut,
822 995 849 1038 v.
867 997 912 1059 g.‚
927 979 1044 1041 socium
1060 991 1217 1044 moestum

231 1067 362 1144 soletur,
379 1065 462 1128 nullo
476 1064 567 1127 modo
581 1072 695 1147 peccat.
708 1065 750 1144 (S.
768 1065 902 1147 lignee,
918 1065 969 1128 lib.
986 1072 1017 1143 4,
1033 1081 1067 1130 n·
1081 1070 1155 1146 40.)

271 1158 359 1218 aute.
381 1154 487 1216 Merite
500 1161 602 1216 tamen
616 1159 720 1216 notant
731 1153 832 1236 plures
845 1155 909 1217 Do.
923 1154 1098 1234 hujusmodi
1112 1165 1217 1221 trans

232 1243 400 1326 gressiones
413 1243 482 1305 rard
500 1243 582 1304 omni
598 1241 687 1323 culpa
699 1260 819 1318 vacare,
833 1249 955 1324 propter
969 1245 1214 1326 negligentiam,

233 1339 439 1414 contemptum
459 1329 588 1394 aliumve
610 1329 815 1392 inordinatum
832 1330 990 1407 allectum;
1012 1332 1077 1394 imd
1093 1335 1121 1396 si
1144 1337 1215 1417 quis

234 1422 406 1504 frequenter
418 1427 449 1483 et
461 1419 546 1501 quasi
563 1436 617 1502 per
637 1417 889 1481 consuetudinem
902 1419 1039 1502 regulam
1051 1427 1213 1504 transgre-

232 1510 347 1589 diatur,
362 1508 532 1592 religiosam
545 1505 734 1589 disciplinam
751 1509 879 1588 graviter
892 1509 1100 1590 perturbetis.
1115 1531 1153 1593 g.
1166 1561 1174 1586 ,
1189 1514 1212 1576 si

137 1645 140 1654 .
236 1599 326 1662 nollet
339 1616 475 1680 unquam
489 1613 607 1660 servare
620 1595 793 1672 silentium,
809 1614 866 1658 neo
879 1615 983 1675 orare,
999 1617 1056 1661 nec
1070 1601 1212 1664 modeste

235 1688 374 1752 incedere
388 1736 396 1766 ,
412 1687 436 1750 si
450 1684 657 1767 ingrederetur
670 1685 809 1747 omnium
824 1685 1034 1766 religiosorum
1046 1687 1210 1766 cubicula,

235 1785 264 1840 et
277 1777 385 1840 similia
393 1775 556 1857 Religionis
565 1779 674 1836 statuta
682 1773 954 1855 transgrederetur)
963 1781 1059 1856 etque
1069 1795 1107 1838 ex
1117 1784 1210 1841 cause

236 1869 265 1928 in
284 1865 417 1947 periculo
436 1862 621 1945 expulsionis
634 1879 667 1924 se
680 1862 859 1942 constituat,
881 1865 1007 1946 graviter
1028 1872 1159 1945 peccat,
1179 1875 1211 1930 ut

234 1949 366 2016 diiimus
380 1971 469 2035 supra
481 1971 518 2014 ex
533 1953 564 2014 S.
575 1951 716 2032 Liguorio
729 1954 887 2030 (4808),-
896 1953 1030 2015 Graviter
1039 1963 1146 2034 peccat
1156 1957 1207 2036 qui

236 2043 370 2124 regulam
384 2041 562 2120 infringitex
571 2046 746 2121 contemptu
760 2038 877 2102 lormeli
886 2041 1066 2122 Superioris,
1076 2050 1155 2120 ut,v.
1164 2063 1206 2125 g,

235 2130 371 2215 ostendat
385 2129 578 2210 Superiorem
588 2131 606 2190 d
616 2146 648 2190 se
660 2127 772 2209 despici
784 2135 813 2190 ct
822 2147 878 2210 pro
890 2128 983 2190 nihilo
993 2129 1109 2206 haberi,
1119 2140 1206 2214 prout

236 2219 418 2282 unanimiter
431 2223 534 2278 tenent
546 2217 619 2294 Dll;
635 2217 706 2280 item
720 2217 745 2279 si
764 2217 882 2280 exodio
897 2226 1002 2280 contra
1018 2219 1204 2300 Religionem

236 2315 287 2370 aut
300 2324 443 2389 personas
456 2304 586 2384 eiuavel
596 2324 631 2368 er
646 2305 799 2368 voluntate
813 2306 968 2368 resistendi
982 2307 1110 2371 Praelato
1119 2329 1128 2385 ;
1137 2310 1205 2372 item

235 2397 259 2459 si
274 2414 306 2458 se
320 2401 451 2476 exponat
464 2393 601 2476 proximo
615 2393 750 2477 periculo
764 2393 882 2458 lebendi
897 2394 928 2457 in
948 2403 1107 2478 peccatum
1130 2415 1206 2460 mor-

236 2484 292 2549 tale
308 2504 315 2547 :
331 2484 355 2546 si
370 2484 439 2566 quis
452 2489 601 2564 proponat
614 2501 771 2565 nunquam
786 2483 921 2564 regulam
935 2503 1064 2561 servare,
1079 2485 1129 2548 vix
1142 2486 1205 2549 lieri

236 2580 332 2658 potest
345 2579 448 2636 utnon
463 2572 539 2634 adsit
551 2579 753 2653 contemptus.
766 2574 809 2634 lta
822 2575 941 2646 Suaren,
954 2573 1035 2654 apud
1049 2575 1087 2636 ll.
1099 2575 1203 2652 Bonis,

236 2664 289 2740 id,
305 2671 379 2726 tom.
395 2665 432 2739 2,
447 2681 478 2743 p.
496 2665 552 2723 577
568 2667 597 2722 et
609 2663 683 2737 578;
698 2667 729 2722 et
742 2662 774 2724 S.
789 2660 924 2742 Liguor.,
941 2661 992 2724 lib.
1007 2667 1039 2739 4,
1055 2671 1090 2723 n·
1103 2667 1152 2726 20.

274 2755 362 2816 2816.
386 2751 456 2812 Sola
478 2755 580 2812 autem
601 2747 770 2830 frequentia
788 2749 1000 2812 inlrectionum
1015 2767 1078 2812 non
1092 2751 1205 2816 ridetur

235 2841 417 2904 sullicienter
443 2837 571 2920 probare
597 2845 791 2919 contouptum
815 2856 827 2898 .·
849 2840 920 2900 clrm
947 2837 1013 2900 haec
1039 2837 1203 2920 frequentia

235 2930 305 2993 oriri
329 2928 422 3011 possit
444 2945 480 2988 ex
502 2928 613 3008 magna
626 2924 755 3002 desidit,
778 2925 810 2988 in
832 2929 894 3007 qua
916 2931 1016 2988 tamen
1040 2926 1204 2992 desidiosus

237 3018 337 3098 magni
351 3014 450 3078 adhue
463 3021 561 3095 potest
573 3013 671 3076 lacere
685 3014 825 3095 regulus,
845 3015 1021 3097 Superiores
1034 3023 1065 3076 et
1078 3017 1203 3098 Religio-

237 3124 317 3168 nem.
333 3103 407 3164 Vide
424 3101 534 3176 Bouix,
550 3103 595 3165 De
608 3102 764 3184 nepetae,
778 3111 853 3166 tom.
868 3107 905 3180 2,
921 3122 951 3185 p.
968 3107 1038 3166 stt.

275 3196 362 3256 2817.
380 3190 527 3263 Quaeritnr
536 3195 567 3252 2⁰
576 3208 615 3252 an
630 3191 914 3254 Praelatusdelectus
928 3193 1006 3254 leves
1019 3189 1202 3256 subditorum

235 3274 384 3364 corrigere
399 3280 556 3362 negligens
567 3279 694 3360 graviter
707 3279 868 3362 aliquando
882 3279 1009 3363 peccet?

275 3368 447 3452 Respondet
459 3368 634 3431 atllrmatirc
648 3369 679 3432 S.
698 3369 877 3451 liquerim,
892 3369 945 3432 lib.
961 3373 999 3447 4,
1014 3379 1050 3430 n·
1065 3373 1104 3434 ta
1116 3418 1124 3448 ,
1138 3389 1201 3433 cum

235 3459 391 3522 communi
405 3457 622 3530 contraLorca,
635 3476 691 3538 pro
704 3477 848 3539 casuque
856 3458 957 3540 plures
966 3457 1200 3522 essentdelectus

236 3548 364 3625 ettalcs,
383 3566 412 3608 r.
429 3565 472 3627 g.,
493 3548 572 3608 circa
586 3545 751 3620 silentium,
757 3546 882 3632 ieiunia,
893 3555 965 3622 etc„
975 3553 1009 3608 ut
1017 3546 1199 3636 disciplinam

239 3634 353 3698 valeant
365 3635 497 3696 relaxare
514 3653 521 3693 :
537 3632 619 3696 unde
631 3631 671 3694 de
691 3632 728 3696 iis
740 3627 829 3696 deb'et
842 3635 993 3713 inquirere
1008 3641 1044 3696 ut
1057 3639 1198 3712 corrigat,
