2528 3996
230 231 287 295 558
471 243 609 294 uenulae
628 245 729 294 nouus
749 243 831 291 rums
852 241 1000 290 cononica.

268 351 358 412 2952.
384 369 399 407 u
419 345 583 428 Regulares
596 344 707 408 debent
720 343 831 425 eligere
855 345 1087 406 conservatores
1102 343 1140 406 in
1157 344 1217 408 sin·
1245 359 1246 396 r

229 460 244 498 a
269 438 347 518 gulis
363 435 541 500 dioecesibus
565 435 595 496 in
617 433 726 516 quibus
746 433 943 512 monasteria,
962 439 1138 495 conventus
1163 454 1214 496 sru

229 549 245 587 n
270 527 379 590 domus
401 525 552 608 regulares
565 523 717 585 hebent.»
739 525 783 584 lta
797 523 828 584 S.
845 523 967 602 Congu·
978 522 1074 583 conc.
1092 526 1135 585 29
1149 524 1210 602 jan.
1245 573 1246 608 ᾗ

231 620 346 678 l633....
369 617 413 676 Ex
433 633 495 696 quo
519 611 677 675 deducitur
697 629 794 674 unum
818 617 849 672 et
870 609 1013 674 eumdem
1033 627 1099 672 non
1124 631 1212 692 posse

229 705 369 768 constitui
384 705 630 767 conservatorem
646 719 702 782 pro
715 700 840 762 dirersis
854 698 1046 762 dioecesibus.
1059 699 1109 762 De
1119 701 1147 764 S
1146 722 1210 782 yn„
1245 729 1246 784 ᾗ

231 793 283 856 lib.
298 799 337 870 l,
353 811 381 855 c.
399 797 434 872 6,
451 804 485 853 n⁰
498 795 537 866 43
553 791 697 864 Fcrreris‚
711 788 797 862 illd„
815 800 848 850 n⁰
864 791 912 850 ll.

271 885 498 946 Conservatores
525 886 682 960 nequeunt
704 878 777 941 nlius
798 877 854 939 sibi
878 879 1031 941 ministros
1052 896 1212 942 assumere

230 981 338 1056 praeter
352 969 519 1034 Notarium.
537 969 592 1047 (lle
606 966 740 1050 Synodo,
757 967 808 1036 ib,
828 977 862 1028 n⁰
878 967 919 1042 6).

271 1063 359 1124 2953.
384 1059 413 1121 Si
429 1057 536 1136 iniuria
551 1057 629 1119 illata
645 1075 707 1118 non
720 1057 761 1117 sit
774 1055 948 1128 manifeste,
965 1073 1019 1117 seu
1033 1056 1058 1117 si
1077 1058 1211 1138 requirat

229 1148 403 1232 jrrdr'ciolem
428 1147 607 1228 induciaria,
624 1148 820 1208 Conseruntur
839 1144 954 1206 nullam
968 1143 1058 1208 habet
1071 1146 1212 1226 jurisdic-

232 1239 344 1300 tionem
362 1258 368 1298 :
381 1245 409 1298 el
419 1237 443 1298 si
454 1235 650 1298 nibilominus
659 1253 691 1297 so
705 1234 899 1310 intromittat,
912 1253 965 1316 per
980 1253 1080 1296 unum
1096 1255 1211 1298 annum

232 1327 439 1410 suspenditur;
455 1333 484 1387 el
503 1345 571 1407 pars
585 1344 654 1407 quae
669 1323 839 1406 procuravit
853 1329 884 1385 ut
906 1341 996 1386 causa
1014 1323 1054 1384 ad
1076 1327 1148 1404 ejus
1165 1327 1210 1386 tri-

233 1415 324 1478 bunal
339 1415 515 1493 deterretur,
526 1414 871 1477 excommunicationem
890 1411 1027 1476 incurrit.
1045 1413 1105 1492 (De
1119 1414 1210 1496 Syn..

233 1505 288 1584 m,
305 1507 395 1587 n05.)

271 1601 360 1659 2954.
385 1596 481 1658 liliam
495 1601 600 1658 contra
619 1593 785 1675 Episcopos
798 1591 961 1675 procedere
982 1601 1116 1674 possunt
1135 1595 1211 1654 Con-

232 1693 397 1748 servatores
413 1705 421 1747 :
437 1685 490 1747 sed
514 1705 530 1744 u
552 1685 624 1765 quis
645 1682 812 1744 renonent
831 1682 981 1762 Dignitnte
1003 1681 1161 1762 praedius,
1176 1683 1212 1742 ob

233 1801 247 1834 n
273 1775 471 1838 reverentiam
485 1773 560 1836 sacri
575 1772 663 1836 oflicii
682 1771 765 1854 gund
786 1779 957 1848 exercetur,
973 1771 1148 1852 plurimiam
1162 1772 1211 1832 dc·

234 1888 247 1922 u
273 1865 349 1927 lerre
360 1864 536 1940 convenit..;
547 1866 660 1925 uicum
670 1865 711 1922 ir„
726 1856 989 1922 Conseriatoribus
999 1863 1016 1921 is
1027 1860 1110 1922 Sede
1124 1867 1212 1942 alpos

233 1977 247 2011 u
273 1954 360 2016 inlice
371 1952 531 2034 deputetis,
546 1959 650 2014 contre
660 1949 757 2012 cosad
771 1949 940 2014 coactiones
951 1949 1068 2029 aliquas
1078 1969 1136 2012 seu
1152 1972 1210 2031 pm-

233 2067 247 2101 u
275 2043 423 2104 nnsluerit
432 2041 669 2122 procedendum,
681 2039 791 2120 gradus
800 2047 830 2100 et
838 2037 983 2100 modestia
994 2037 1025 2099 in
1036 2038 1210 2118 hujusmodi

234 2155 247 2189 u
274 2150 416 2212 processu
441 2137 574 2192 serretur
599 2149 606 2189 :
630 2129 668 2190 ile
690 2128 771 2210 qudd
789 2174 809 2190 ..
835 2127 988 2207 ingressus
1010 2128 1114 2208 primb
1143 2129 1210 2210 ipsis

234 2243 248 2278 u
273 2220 430 2290 Ecclesiae,
447 2218 492 2280 rel
512 2217 694 2280 sacerdotale
713 2216 908 2278 interdicatur
918 2216 1125 2280 ministerium
1146 2240 1153 2279 :
1180 2240 1209 2279 er

233 2332 248 2368 u
273 2307 381 2370 deinde
391 2309 429 2370 nb
443 2307 541 2370 ollicio
551 2307 831 2388 suspendentur,et
840 2306 1061 2388 subsequenter
1072 2326 1211 2389 aggratu-

233 2422 247 2458 u
273 2406 321 2460 tur
339 2415 466 2461 censura
487 2397 685 2459 ecclesiastica
705 2403 809 2458 contra
823 2415 885 2458 eos.
907 2418 922 2454 n
946 2398 1028 2477 (cap.
1048 2399 1128 2472 (luia
1140 2419 1211 2480 gaon-

235 2488 392 2570 tificulr'O,
409 2488 444 2550 dc
467 2487 571 2568 Offic...
597 2485 699 2568 delen,
725 2485 755 2546 in
776 2484 949 2560 cal-vide
964 2485 1021 2548 alia
1039 2487 1125 2568 apud
1138 2490 1211 2552 Fer-

234 2578 307 2640 rnris
322 2577 403 2658 (ib),
424 2583 454 2638 et
469 2577 563 2638 llouix
576 2575 641 2656 (ib,
658 2595 688 2656 p.
707 2577 857 2654 lna-les).

274 2672 362 2730 2955.
387 2666 508 2740 Quaerit.
530 2670 560 2728 9ο
584 2664 663 2736 Ouid
684 2664 742 2725 sint
763 2663 934 2727 Cardinales
961 2666 1156 2731 Protectores
1186 2675 1212 2732 el

233 2756 388 2840 quodnam
400 2755 437 2818 sil
451 2772 556 2817 eorum
571 2753 726 2816 odicium?

274 2848 362 2928 Rosp.
380 2844 551 2908 cardinales
565 2845 750 2906 Protectores
765 2851 836 2907 sunt
848 2842 1021 2908 Gurdineles
1034 2847 1052 2906 b
1063 2847 1095 2910 S.
1113 2849 1210 2910 Ponti-

235 2933 290 2996 fico
305 2935 430 3014 singulis
444 2933 606 2996 Ordinibus
621 2933 780 3013 assignati,
796 2941 828 2996 ut
843 2934 879 2995 iis
895 2934 1034 3014 prresidic
1048 2933 1122 2997 sint.

274 3023 402 3083 llultirm
416 3023 558 3084 differunt
573 3024 591 3084 tt
609 3021 766 3084 iudicibus
788 3023 1055 3086 Conservatoribus
1072 3045 1080 3084 :
1099 3029 1209 3106 etqui-

234 3111 304 3173 dem
320 3128 380 3172 non
396 3111 495 3172 sultam
508 3112 577 3193 quia
593 3114 610 3172 b
629 3111 817 3191 regularibus
833 3129 894 3174 non
910 3111 1082 3193 eliguntur,
1098 3123 1129 3176 et
1145 3121 1208 3178 sum
1245 3137 1246 3180 i

235 3219 290 3282 pro
317 3199 460 3262 omnibus
490 3200 678 3262 monasteriis
708 3201 844 3280 ejusdem
872 3201 994 3264 Ordinis
1024 3205 1208 3284 quamdiirl
1245 3215 1246 3230 ³

234 3293 265 3352 S.
285 3287 428 3351 Pontibce
445 3307 505 3350 non
526 3296 722 3360 enrorentur,
749 3290 801 3352 sed
816 3291 886 3371 quin
908 3290 985 3352 dese
1006 3301 1079 3353 sunt
1093 3299 1207 3355 teratino

237 3383 427 3448 Protectores.
444 3397 506 3440 non
520 3379 782 3460 propinandus,
796 3381 1010 3462 nisiquetenus
1025 3383 1057 3444 S.
1073 3383 1206 3446 Pontilin

235 3485 287 3528 ecs
310 3466 501 3548 deputando,
522 3467 568 3529 vel
597 3469 825 3531 constitutiones
853 3469 973 3531 Ordinis
996 3472 1206 3552 approbando,

236 3555 367 3636 aliquam
377 3558 420 3618 cis
427 3555 668 3636 jurisdictionem
680 3558 873 3637 concesserit,
888 3559 1207 3638 proutdicemusiut'n

236 3643 273 3704 de
289 3645 447 3708 Sororibus
460 3647 477 3708 i
492 3645 573 3706 Bono
589 3644 710 3705 Pastore
724 3649 838 3725 (2980).
