2534 3996
453 257 540 306 ursan
560 257 679 307 emaus.
995 243 1052 306 357

118 356 207 416 atto.
218 351 376 416 Sacrallil.
385 353 583 436 Congregatio
594 355 774 438 interrogata
787 361 901 422 ano
910 359 956 420 lln
966 357 1055 424 Eois·

77 464 92 501 a
118 459 196 524 copo
218 441 427 525 pontificaliter
449 443 619 506 celebrante
638 447 720 522 (cum
740 445 803 526 ipse
822 444 929 508 debeat
948 445 1056 508 dicbus

78 552 94 590 r
120 531 230 594 lestivis
243 530 394 613 applicare
408 550 463 614 pro
476 531 581 594 ovibus
594 532 679 609 suis),
688 533 831 596 canonici
843 533 973 596 debeant
986 533 1056 598 mis·

80 637 186 682 asam
219 619 449 684 conventualem
483 639 538 702 pro
574 619 815 694 benefactoribus
849 630 991 697 cantare,
1026 629 1056 685 et

80 731 97 768 a
122 708 295 789 quandola
317 743 355 754 —
374 708 630 790 Respondendum
654 711 848 790 censuit.(l2
873 729 941 774 nov.
962 709 1055 792 l83l)

80 797 487 864 adat¹22r1etdomactartas
507 798 553 861 oel
575 799 600 861 is
618 798 668 862 cui
684 819 755 862 onus
780 799 855 862 inest
875 799 971 863 missos
994 819 1057 862 cora

79 888 246 962 ventuob's,
262 887 349 949 iliam
373 885 498 950 celebret
513 887 637 960 lectona,
655 889 700 952 vel
712 897 779 952 onte
792 887 838 952 vel
856 899 921 974 post
935 890 1057 954 Missam

81 975 296 1061 Pontr'ficolem.
312 975 497 1057 (Gardellini‚
512 985 546 1039 ῐιο
563 981 661 1056 4520.)

123 1083 211 1142 aaut.
235 1079 357 1152 Quaerit.
384 1083 413 1140 1⁰
438 1082 484 1140 An
504 1080 646 1142 Canonioi
669 1087 699 1142 et
715 1079 884 1144 beneficiati
908 1082 1057 1164 applicare

82 1171 198 1251 possint
210 1167 331 1232 missam
341 1168 571 1232 conventualem
582 1169 647 1230 aliis
661 1171 753 1250 quam
768 1169 1020 1248 benefactoribus,
1029 1177 1059 1233 et

81 1259 306 1339 eleemosynam
317 1276 371 1340 pro
385 1256 441 1319 bac
454 1257 820 1340 applicationeacciperc?
1074 1264 1077 1270 '

123 1363 213 1442 Resp.
240 1361 381 1440 Negativc
398 1377 469 1422 cum
485 1359 661 1442 Pignatelli,
679 1362 730 1441 qui
745 1361 840 1422 varias
859 1361 1060 1424 resolutiones

83 1453 117 1513 S.
134 1451 313 1531 Congregat.
334 1449 426 1510 Gonc.
443 1447 474 1509 in
489 1449 696 1531 probationem
716 1447 837 1512 adducit
850 1449 928 1526 (vide
943 1449 1058 1528 sorix,

84 1538 174 1616 ibid,
190 1559 221 1620 p.
237 1541 307 1614 354,
323 1540 406 1615 etc.);
418 1546 448 1599 et
460 1536 517 1600 hoc
528 1545 562 1601 ut
575 1538 702 1600 omnino
713 1546 828 1600 certum
843 1537 944 1600 baberi
959 1537 1057 1610 debet,

84 1628 250 1712 praesertim
266 1635 333 1709 post
350 1627 465 1690 Bullam
474 1626 547 1690 Ciam
556 1646 668 1708 semper
678 1625 830 1689 Benedicti
846 1622 923 1703 xlv,
938 1626 969 1688 in
983 1631 1059 1708 qul,

83 1717 249 1800 apostolica
272 1721 447 1780 auctoritate
470 1715 644 1798 approbavit
657 1717 689 1779 S.
709 1717 819 1797 Gongr.
835 1715 928 1778 Cone.
951 1715 1062 1778 resolu-

84 1809 183 1870 tiones
197 1806 307 1889 quibus
324 1805 495 1888 providetur
510 1811 542 1867 ut
566 1805 658 1868 missa
670 1803 876 1868 conventualis
899 1823 954 1886 pro
968 1803 1061 1867 bene·

85 1895 248 1958 factoribus
262 1895 293 1957 in
318 1913 427 1976 genere
446 1895 621 1976 applicetur,
639 1913 702 1956 non
716 1895 826 1956 attenta
846 1892 936 1955 etiam
958 1893 1063 1956 imme

84 1985 224 2048 morabili
240 1985 271 2046 in
285 1984 469 2048 contrarium
483 1983 714 2046 consuetudine¹
730 2004 737 2059 3
754 1991 784 2045 et
797 1982 855 2045 boc
868 1981 984 2044 videtur
997 2001 1062 2046 esse

85 2071 313 2138 extendendum
327 2075 418 2136 etiam
428 2071 653 2151 adilanonicos,
670 2073 781 2154 quibus
796 2089 858 2134 non
873 2071 950 2134 liunt
962 2071 1062 2134 distri-

86 2166 228 2227 butiones
247 2162 447 2245 quotidianae,
465 2169 554 2243 prout
568 2162 598 2224 in
613 2163 726 2238 Gattta3
746 2162 816 2243 quia
831 2168 993 2223 censentur
1006 2161 1064 2223 dis-

86 2255 265 2317 tributiones
275 2254 423 2336 recipere‚
438 2249 596 2314 retinendo
612 2252 744 2332 integros
759 2248 1061 2333 praetendebamus,

86 2347 161 2408 cbm
180 2351 281 2405 tamen
302 2361 338 2405 er
358 2341 427 2421 jure
446 2359 516 2423 pars
536 2340 656 2404 illorum
682 2340 766 2404 tertia
791 2341 822 2402 in
841 2339 1064 2402 distributiones

88 2432 289 2497 convertenda
301 2439 389 2494 esset.
405 2430 492 2511 (Vide
509 2430 613 2508 Bouix,
630 2429 684 2507 id,
699 2449 730 2512 p.
747 2429 835 2510 355.)

129 2539 219 2597 sitta.
243 2533 365 2606 Ouaerit.
382 2538 414 2595 2⁰
435 2535 480 2595 bn
496 2540 617 2615 propter
629 2533 810 2615 paucitatem
824 2533 1063 2610 Cauonicmnm,

89 2631 144 2688 aut
156 2624 417 2696 consuetudinem,
433 2630 486 2686 aut
494 2623 688 2704 exiguitatem
698 2621 884 2700 reddituum,
896 2621 987 2683 missa
996 2639 1067 2684 con-

90 2713 237 2778 ventualis
250 2713 342 2796 possit
355 2712 424 2776 cani
438 2711 630 2775 solummodo
644 2710 751 2774 dicbus
761 2709 868 2772 lestis?

132 2821 221 2901 Resp.
236 2820 268 2880 t⁰
282 2819 357 2880 Cium
367 2817 414 2880 lex
424 2815 462 2879 ad
476 2816 662 2899 impossibile
676 2833 738 2876 non
749 2813 871 2896 obliget,
887 2813 912 2878 si
927 2832 989 2876 non
1003 2817 1068 2877 tan·

94 2911 160 2972 tbm
182 2907 269 2990 pauci
292 2908 351 2969 sint
372 2906 536 2982 canonici,
559 2905 611 2968 sed
634 2906 658 2968 si
682 2901 835 2968 sufficiens
859 2893 1070 2968 ministrorum¹

93 3016 241 3062 numerus
254 2996 292 3060 ad
305 2995 538 3060 celebrationem
552 2995 652 3061 missae
672 2994 879 3056 conventualis
893 3012 955 3056 non
971 2993 1066 3073 adsit,

93 3087 237 3168 obligatio
252 3086 332 3150 illam
347 3084 486 3149 cantandi
502 3102 563 3147 non
582 3082 709 3146 exstabit
722 3084 813 3156 etiam
827 3083 934 3146 diebus
947 3082 1065 3145 lestis...

94 3177 196 3251 oratis
208 3181 309 3238 autem
328 3173 436 3238 debeat
454 3193 519 3238 esse
543 3190 688 3236 numerus
703 3179 736 3236 ut
757 3171 909 3236 sufficiens
927 3171 1069 3235 dicatur?

94 3274 233 3328 auctores
242 3264 459 3348 nonexplicant
471 3283 479 3341 ;
489 3269 533 3339 at,
545 3261 804 3344 inquitPignatelli
814 3261 895 3344 apud
905 3264 940 3322 D.
953 3261 1067 3338 Bouix,

94 3375 127 3439 p.
143 3359 201 3417 357
215 3401 224 3432 ,
239 3355 310 3417 oiim
326 3372 381 3436 pro
395 3354 485 3416 missi
500 3351 692 3433 requirantur
703 3351 808 3414 saltem
823 3357 840 3414 'l
857 3369 1004 3433 personae,
1021 3351 1070 3413 ni·

95 3443 209 3507 mirum
225 3443 430 3515 «celebrans,
447 3439 598 3504 Diaconus
611 3448 641 3503 et
655 3441 881 3517 Subdiaconus,
897 3438 958 3502 duo
979 3441 1069 3503 Cero-

129 3607 136 3635 ¹
154 3603 189 3654 lle
202 3618 253 3670 quo
270 3601 327 3654 vido
343 3600 538 3654 declarationem
551 3601 633 3652 Sacra
645 3598 849 3667 congregationis
861 3599 964 3652 Concilii
982 3599 1007 3649 in
1022 3601 1071 3650 uni

99 3675 233 3737 dimensi,
247 3674 262 3725 l
281 3675 337 3726 maii
352 3673 429 3727 roto:
442 3674 506 3740 apud
524 3672 644 3736 Ferraria,
657 3685 684 3724 νο
696 3673 875 3732 conculcatas,
889 3676 933 3720 art.
947 3671 970 3730 5,
990 3673 1018 3720 n⁰
1032 3669 1070 3720 id.
