2528 3996
195 243 252 306 bll
433 258 569 303 nanuum
590 257 690 302 rorrus
710 256 792 301 runis
813 255 959 300 canoniea.

194 358 369 432 mittantur,
393 359 490 436 potest
516 351 692 414 Ordinarius
715 349 942 431 inquisitionem
960 349 1173 431 prescribere,

195 455 223 508 et
232 444 485 508 communitatem
497 459 604 522 cogere
615 439 651 502 ad
664 438 848 502 reddendam
857 446 1075 519 computorum
1086 441 1175 502 rado

188 536 277 598 nem.
294 532 368 594 Vide
384 532 490 605 Bouix,
507 530 560 598 lb..
577 549 608 610 p.
624 531 763 591 ars-asu.

234 626 398 686 adde-2⁰
408 615 993 700 SeclusisspeeiolibusConstitutioaibus,
1003 617 1178 702 Episcopus

196 713 310 774 nullom
323 710 407 772 babet
419 716 589 791 potestatem
604 706 814 770 dominativum
827 706 919 767 etium
932 705 1031 788 quood
1045 708 1073 770 C
1072 729 1180 790 onyae·

196 799 491 883 qutiunesmullerum
502 817 512 857 :
523 796 594 877 quia
607 813 642 856 ex
652 793 823 876 specialibus
832 795 1104 874 corstitutionibus,
1114 817 1181 858 mc»-

198 891 290 952 niales
305 888 489 970 praesentim,
506 883 606 966 quoad
624 891 707 945 actus
720 883 971 946 administrativos
989 886 1096 965 magni
1114 905 1182 950 mo-

199 979 302 1050 menti,
311 976 443 1058 pendent
457 975 495 1036 ab
509 973 724 1036 Ordinarioaut
734 975 750 1033 a
760 971 890 1034 Praelatis
899 973 1179 1054 suisregularilrus.

237 1071 325 1128 2909.
342 1064 463 1136 Quaerit.
481 1067 511 1125 l⁰
536 1065 582 1122 dn
596 1063 664 1140 jure
683 1060 829 1142 positivo,
853 1061 885 1122 in
907 1061 1009 1138 aliquo
1031 1062 1182 1149 adempta

198 1154 287 1216 luerit
300 1153 446 1234 religiosis
461 1151 552 1212 libera
566 1151 715 1212 bonorum
731 1167 855 1212 suorum
870 1148 1119 1215 administratio?

238 1243 327 1322 ltesp.
359 1241 560 1317 atlirmatirb,
587 1247 617 1301 et
642 1245 758 1301 constat
774 1242 802 1300 1⁰
818 1241 974 1320 Extravag.
996 1241 1183 1308 Aaobr'tiosu

198 1331 282 1393 Pauli
296 1333 338 1407 ll,
355 1349 436 1392 anno
452 1333 540 1400 taus,
552 1327 603 1390 ubi
617 1327 743 1389 dicitur:
759 1349 774 1385 a
790 1326 961 1390 Ambitiosae
975 1330 1180 1410 cupiditati...

198 1442 213 1478 n
238 1437 396 1483 occurrere
411 1419 584 1499 cupientes,
600 1416 738 1478 omnium
752 1433 854 1478 rerum
870 1415 1064 1480 etbonorum
1080 1423 1182 1486 eccle

199 1531 214 1568 a
238 1509 425 1572 siastioorum
440 1505 672 1582 alienationem,
688 1523 779 1566 omne
794 1511 914 1585 pactum
930 1523 982 1586 per
995 1510 1085 1588 quod
1104 1511 1183 1594 ipso

198 1621 213 1657 a
239 1616 305 1660 rurn
320 1597 488 1658 dominium
502 1593 688 1671 transfertur,
703 1593 942 1669 concessionem,
958 1593 1180 1676 hypothecam,

200 1711 214 1746 a
239 1687 417 1749 locationem
440 1692 471 1747 et
493 1683 726 1746 conductionem
747 1683 825 1744 ultra
845 1682 1031 1760 triennium,
1052 1705 1181 1754 necnon

200 1800 213 1835 n
240 1777 476 1839 infeudationem
487 1821 494 1846 ,
505 1773 550 1834 rel
565 1779 751 1833 contractum
766 1769 1036 1853 emphyteuticum,
1054 1789 1183 1856 praeter-

200 1889 214 1924 a
238 1885 331 1948 quam
347 1866 377 1926 in
392 1862 510 1926 casibus
520 1863 536 1923 a
548 1862 617 1940 jure
631 1860 835 1942 permissis...,
851 1868 881 1922 et
893 1879 963 1923 cum
973 1862 1180 1931 ecclesiarum

200 1979 214 2012 a
239 1954 367 2018 euidenti
381 1953 520 2020 utilitate,
537 1969 571 2013 ao
585 1949 622 2012 de
637 1948 782 2012 fructibus
795 1949 1044 2033 albanisque...
1060 1959 1179 2020 seruari

200 2067 214 2102 a
240 2063 299 2104 non
312 2049 488 2123 possunt...,
504 2041 567 2100 lieri
585 2037 817 2120 prohibemus...

241 2155 255 2189 a
282 2131 428 2192 Alienenti
457 2129 630 2190 verobona
658 2127 872 2206 ecclesiarum,
895 2129 1177 2216 monasteriorum,

200 2241 214 2278 a
240 2217 434 2299 locorumque
461 2217 581 2298 piorum
601 2215 825 2297 quorumlibet,
845 2217 1013 2280 inconsulto
1034 2223 1179 2290 [lornano

200 2331 214 2367 a
241 2307 402 2383 loetitiae,
417 2314 468 2368 aut
481 2313 585 2368 contra
599 2306 754 2385 praesentis
772 2306 997 2369 Constitutionis
1009 2315 1176 2387 tenorem,

200 2421 214 2456 a
240 2399 263 2458 si
272 2393 493 2458 Pontiticaliseu
507 2394 650 2455 ltbbatiali
661 2393 835 2475 praefulgeat
844 2395 1003 2476 nignitate,
1016 2399 1178 2480 ingressus

199 2509 214 2544 »
239 2485 371 2549 ecelesiae
391 2485 429 2546 sit
449 2483 567 2563 penitus
586 2481 771 2556 interdictus.
793 2483 824 2545 Si
845 2502 898 2564 per
922 2503 1176 2556 watinenses...

199 2599 213 2634 a
239 2577 341 2638 animo
355 2578 523 2655 perseueret
537 2571 725 2646 indurato...,
741 2573 759 2634 b
774 2573 919 2654 regimine
932 2581 963 2636 et
975 2573 1180 2645 administra-

199 2685 213 2724 a
238 2667 389 2726 tionesuae
400 2660 588 2724 ecclesiaevel
604 2659 775 2722 monasterii
789 2663 826 2723 sit
841 2679 878 2723 eo
889 2663 1174 2745 ipsosuspensus.·

199 2755 231 2814 ln
247 2760 371 2816 caeteros
385 2752 565 2822 alienantes,
580 2748 751 2811 decernitur
766 2767 853 2831 puna
868 2753 1040 2832 priuadonis
1059 2759 1175 2838 odiosi,

199 2843 372 2924 diguitatis,
388 2839 525 2902 benetieii
541 2845 571 2900 et
584 2836 858 2902 administrationis.

238 2937 326 2994 9910.
343 2932 464 2991 Constat
477 2933 509 2990 2⁰
524 2929 647 2988 [lecreto
663 2927 774 2990 Urbani
793 2931 853 2990 Vlll
864 2949 870 2990 :
882 2929 931 2993 die
953 2932 1035 2994 enim
1050 2938 1069 2996 'l
1090 2945 1173 3020 sept.

200 3025 288 3096 raet,
305 3020 336 3080 S.
346 3019 455 3096 congr.
466 3017 693 3094 eoncitatjussu
703 3017 813 3080 Urbani
822 3019 895 3090 Vlll,
908 3022 1065 3084 Decretum
1075 3027 1175 3090 edidit

199 3125 363 3188 sequensm
374 3107 621 3186 S.Gongregati0.
629 3106 983 3187 specialiSanetissimil).
994 3113 1017 3171 N
1023 3157 1029 3170 .
1040 3113 1172 3190 jussu...

198 3220 212 3255 a
238 3193 432 3258 Generalibus
449 3195 495 3254 vel
516 3195 748 3258 Prouincialibus
766 3197 908 3277 Capitulis
927 3197 972 3259 rel
994 3200 1173 3287 Congu-ega-

197 3307 212 3342 ι)
236 3283 406 3345 tionibus...
419 3290 447 3344 et
462 3282 743 3366 quibuscumque...
760 3285 970 3366 Superioribus
979 3289 1173 3370 regularibus

197 3394 212 3432 n
237 3373 366 3450 cujusvis
376 3371 511 3449 Ordinis,
523 3374 777 3454 Congregationis,
787 3375 940 3440 societatis
954 3377 1000 3439 vel
1011 3379 1145 3445 lustituti
1162 3431 1170 3456 ,

198 3481 212 3518 a
238 3461 314 3522 intra
328 3461 404 3523 fines
418 3465 546 3541 Europae
558 3462 770 3537 existentibus,
789 3464 927 3526 omnium
948 3483 1051 3529 rerum
1073 3477 1105 3532 et
1122 3472 1171 3534 bo

197 3569 212 3608 a
237 3569 340 3611 norum
359 3549 553 3611 immobilium
570 3567 604 3609 oc
618 3550 811 3629 pretiosorum
834 3551 986 3614 mobilium
1009 3555 1169 3624 alienatio·

197 3658 212 3696 a
237 3657 327 3718 nem,
351 3655 503 3720 omneque
522 3644 643 3718 pactum
661 3655 716 3719 per
735 3639 818 3722 quod
835 3641 971 3722 ipsorum
992 3641 1171 3718 donaturum
