2486 3984
468 325 555 371 risun
575 323 693 370 enimus.
1012 307 1067 366 lll

96 454 110 492 o
134 431 276 494 sacerdos
301 433 399 512 potest
421 429 439 490 e
462 429 704 509 quibuscumque
722 425 858 488 censuris
879 429 910 487 et
941 424 1070 506 peccetis

95 543 107 581 r
135 521 302 583 absolvere.
325 541 341 577 s
997 535 1006 544 ·

136 611 259 672 Constat
276 607 368 670 etiem
389 611 421 669 2⁰
440 609 481 668 Ex
497 626 562 688 cop.
585 605 752 688 Presbyter,
777 610 827 678 26,
851 623 884 684 q.
906 606 942 677 63
958 621 994 664 ex
1012 605 1070 664 De-

97 699 200 762 cluret.
218 699 250 760 S.
266 698 299 760 C.
317 697 424 770 Cono,
440 715 487 777 ap.
506 697 654 776 Fogoen„
670 696 700 755 in
716 713 783 776 cap.
800 692 867 754 Non
878 701 919 754 cst
934 691 1023 762 uobis,
1038 689 1072 752 dc

96 807 206 870 spons,
229 799 263 848 n⁰
276 790 307 860 6,
322 793 352 846 et
365 803 402 847 ex
420 787 575 848 communi
590 783 732 847 Ecclesiae
752 781 982 845 consuetudine.
998 780 1073 842 Vide

98 880 129 941 S.
146 877 285 957 Liguor.,
301 871 390 946 iliu,
407 875 437 934 in
453 874 523 935 fine.

140 969 231 1027 1583.
251 986 267 1023 α
280 963 476 1024 Probabililer
489 971 590 1025 tamen
607 961 757 1044 simplices
770 960 938 1024 sacerdotes
947 965 1073 1044 possunt

99 1078 114 1114 o
138 1053 294 1116 absoluere
314 1061 450 1132 temporo
464 1059 579 1130 mortis,
594 1053 685 1114 etiam
694 1059 877 1134 presente...
891 1051 1071 1134 approbato,

100 1167 115 1202 n
139 1143 337 1224 mouentibus
349 1143 491 1204 casibus:

140 1254 156 1290 e
181 1233 204 1294 l.
221 1233 252 1294 Si
267 1231 449 1314 approbatus
463 1231 572 1302 nollet,
588 1231 633 1292 rel
649 1249 710 1292 non
726 1237 825 1312 posset
837 1228 942 1292 audire
957 1228 1072 1292 confes-

100 1346 116 1380 ι
140 1323 337 1384 sionem—...
351 1323 400 1381 lv.
418 1322 448 1382 Si
464 1321 663 1382 moribundus
677 1321 716 1381 ita
731 1320 866 1382 horreret
886 1319 1074 1382 manifestare

100 1436 115 1466 o
141 1429 196 1472 sun
213 1410 377 1471 crimina...
394 1411 609 1491 approbato,ut
627 1417 703 1471 esset
717 1409 747 1469 in
761 1409 894 1490 periculo
912 1407 1073 1471 confitendi

101 1523 116 1556 o
141 1500 298 1580 sacrilege.
329 1502 371 1560 lta
392 1499 621 1580 probabiliter...
646 1499 756 1579 Sporer
771 1501 779 1534 ¹
795 1499 847 1578 qui
871 1497 950 1558 idem
973 1506 1076 1560 censet

101 1613 116 1644 o
143 1588 307 1668 procedere
330 1586 354 1648 si
378 1587 518 1649 inlirmus
541 1605 603 1648 non
632 1592 734 1666 posset
753 1585 888 1646 confiteri
911 1588 1075 1666 approbato

101 1700 116 1734 n
142 1677 208 1738 sine
229 1679 339 1756 magne
353 1674 526 1738 diflicultcte
540 1682 592 1737 aul
612 1674 821 1747 incommodo,
836 1673 881 1733 rel
895 1674 919 1734 si
940 1674 989 1736 ille
1003 1676 1074 1736 sim·

102 1792 117 1820 »
143 1766 211 1846 plen
226 1765 366 1828 sacerdos
379 1772 458 1826 esset
475 1767 501 1827 ei
517 1764 674 1826 manifeste
689 1763 785 1844 magis
800 1762 927 1824 idoneus
940 1781 976 1826 oc
995 1764 1076 1826 utilis

102 1880 117 1913 o
142 1855 262 1917 iuturus
276 1857 369 1938 quim
380 1853 757 1936 pnrochusruslicus.—V.
770 1853 799 1914 Si
814 1851 1013 1915 confessarius
1022 1845 1076 1936 op't

103 1967 118 2000 o
144 1943 288 2024 probatus
308 1943 499 2024 superveniat
514 1945 575 2022 inm
598 1943 716 2024 incepto
731 1941 920 2004 confessione
934 1961 1006 2004 cum
1028 1961 1076 2006 sa-

105 2057 118 2089 r
144 2033 265 2093 cerdole
276 2031 404 2112 simplici
417 2053 424 2092 :
436 2033 507 2113 quio
518 2039 591 2093 tunc
599 2031 744 2113 compleri
758 2030 1001 2108 debetjudiciurn
1013 2033 1076 2110 jorn

101 2145 117 2178 o
144 2121 308 2201 inceptum.
326 2121 366 2182 lta
380 2121 619 2183 communiter...
638 2155 663 2166 -
688 2123 763 2182 Vl...
780 2122 856 2182 Casu
867 2139 928 2200 quo
937 2121 1077 2184 sacerdos

101 2234 117 2267 o
142 2209 328 2291 approbatus
353 2210 457 2272 luisset
474 2209 613 2292 complex
636 2209 749 2272 inlirmi
776 2208 807 2270 in
828 2215 952 2292 peccato
973 2213 1074 2293 turpi,

102 2321 118 2356 o
140 2299 226 2377 justa
239 2297 330 2368 dicta,
346 2310 380 2360 n⁰
394 2301 464 2360 553.

144 2391 235 2450 lolli.
263 2409 279 2445 o
314 2389 406 2450 lleote
439 2395 542 2450 tamen
573 2389 694 2470 Lugo...
723 2388 895 2451 Salmont...
924 2388 1077 2469 excipiunt
1123 2389 1125 2394 ’

102 2497 118 2534 o
144 2493 249 2538 cesum
271 2494 333 2556 quo
351 2475 551 2539 moribundus
566 2484 643 2539 esset
657 2477 818 2540 innodatus
831 2478 1075 2540 excommunico·

103 2588 118 2622 o
143 2566 227 2626 lioirc
241 2569 408 2640 reservem
424 2571 497 2626 tunc
514 2565 596 2627 enim
612 2565 752 2640 deberet,
767 2565 904 2646 quumvis
917 2566 1077 2629 confessio-

102 2676 118 2712 ν
144 2672 215 2714 nem
232 2654 399 2734 incoeperit,
415 2654 499 2734 prius
512 2655 648 2718 oblinere
671 2654 889 2716 absolutionem
909 2655 1074 2734 doemunt,

102 2764 119 2802 o
143 2743 168 2803 si
182 2743 328 2824 Superior
341 2743 379 2804 sit
386 2761 529 2823 praesens,
540 2751 570 2805 et
579 2751 681 2825 posteo
690 2742 909 2831 contessionem
921 2741 1074 2822 perlicere.

143 2841 248 2899 ollem
264 2837 313 2898 hic
326 2836 543 2900 advertendum
556 2837 640 2919 qudd
654 2839 677 2898 si
694 2838 843 2919 poenitens
854 2837 916 2915 jum
932 2841 1078 2920 receperit

103 2947 119 2985 o
143 2927 367 2988 absolutionem
381 2928 398 2988 l
412 2927 540 3007 simplici
555 2925 726 3002 sacerdote,
741 2933 771 2988 et
789 2935 891 3008 postea
905 2928 1077 2992 recordetur

103 3037 119 3074 o
143 3015 272 3095 alicujus
286 3016 415 3096 peceati,
430 3016 659 3096 superveniente
679 3015 859 3100 approbato,
875 3021 994 3080 tenetur
1008 3018 1076 3082 huic

103 3125 118 3164 n
144 3104 300 3181 confiteri,
312 3105 383 3166 cum
397 3105 446 3166 ille
456 3105 494 3165 sit
504 3123 580 3167 nora
593 3103 752 3168 consessio.
764 3107 807 3168 Itu
816 3107 1073 3169 communiter...»

104 3193 136 3255 S.
153 3194 291 3273 Liguoi·.,
307 3191 358 3254 lib.
375 3197 405 3270 6,
421 3196 491 3255 563.

145 3292 236 3350 l585.
259 3289 368 3351 Utrum
391 3288 464 3350 verd
484 3287 680 3366 schismatici,
701 3287 831 3354 heretici
853 3297 884 3354 ct
900 3309 1078 3356 excommn-

104 3376 196 3440 nicnti
218 3375 330 3438 vitandi
352 3379 467 3458 possint
489 3379 579 3439 etism
594 3379 746 3442 absolvere
769 3383 801 3441 in
821 3381 947 3443 orliculo
962 3383 1076 3458 mortis,

104 3465 234 3548 qurustio
251 3474 298 3526 est
309 3465 394 3528 valde
416 3465 508 3528 dubio
523 3467 608 3544 juxte
625 3470 657 3530 S.
678 3469 879 3550 Liguoriiur:
901 3487 934 3530 rc
956 3471 1078 3549 quidem

107 3559 175 3619 sert
188 3601 196 3630 ,
211 3554 322 3616 dicitur
335 3573 366 3616 ro
381 3555 515 3617 Concilio
528 3556 702 3618 Tridentino
716 3561 807 3634 (sess.
824 3562 873 3631 ll,
889 3575 917 3617 c.
933 3561 975 3633 7)
992 3576 1000 3616 :
1015 3579 1029 3613 c
1046 3559 1077 3615 ln

135 3721 147 3752 ⁰
162 3715 311 3770 tronum
324 3717 424 3770 Oruros
446 3719 474 3764 de
491 3715 595 3761 valam
614 3731 639 3766 ι,
652 3716 707 3760 nu.
961 3768 988 3824 ν
