2486 3984
177 248 236 313 tao
393 263 531 312 ntuuauc
550 263 651 310 sonus
669 265 751 311 mars
771 263 919 310 cauomcr.

217 361 381 424 troo-3⁰
391 358 524 424 l’actialis
534 364 579 420 est
591 358 793 440 irregularitas
802 357 901 439 quoad
912 357 1086 439 acolythum
1099 361 1146 422 cul

178 452 292 513 tarrtbm
307 449 481 533 prohibetur
490 447 530 508 od
541 447 827 530 supem'orcscrdines
840 446 991 509 oscendere
1000 451 1079 530 (cap.
1096 448 1148 510 Ea

179 539 364 616 litterulam,
384 541 468 614 etc),
486 555 547 598 non
562 538 633 598 verb
647 537 816 600 ministrare
830 538 861 598 in
875 537 1021 617 susceptis
1034 536 1148 600 ordini·

177 627 253 703 bus,
268 636 296 692 et
312 628 413 711 plures
426 626 456 688 id
469 625 731 689 extenduntetiam
743 625 780 688 ad
790 625 961 688 ministrum
976 625 1148 704 hujusmodi

178 717 428 800 rebaptizationis.
444 715 519 778 Vide
534 716 565 778 S.
582 715 702 797 Lignor.
719 715 798 794 (ib.l;
813 722 844 778 et
858 715 998 789 Billuart,
1013 715 1049 776 de
1069 716 1149 778 Irre-

178 807 291 888 pulor.,
306 805 378 870 diss.
395 810 499 882 Μή.
517 809 548 879 l,
562 805 580 886 ᾖ
593 809 623 866 2.
636 805 1033 868 -Sedbanoextensionem
1050 804 1149 888 plures

179 897 268 957 etiam
297 895 447 976 rejiciunt.
477 894 551 957 Vide
573 896 736 977 Lequenx,
762 905 795 956 ιιο
818 897 896 969 520,
917 893 949 956 in
974 894 1072 972 notis3
1101 902 1150 958 aut

180 994 214 1047 n⁰
232 989 323 1056 1369,
341 987 372 1048 3·
386 983 487 1048 editio.

223 1078 309 1136 1787.
333 1075 454 1148 Quaerit.
472 1077 518 1138 lln
533 1074 571 1137 sil
584 1073 755 1155 irregularis
772 1073 825 1157 qui
843 1071 1003 1158 rebaptizat
1016 1079 1069 1136 aut
1082 1073 1150 1135 sinit

181 1184 213 1227 se
228 1165 401 1247 rebaptizari
415 1163 472 1227 sub
482 1163 678 1226 conditione?

222 1257 310 1336 Resp.
327 1253 382 1316 Vel
395 1261 462 1335 post
475 1251 627 1315 sufficiens
640 1271 765 1316 examen
775 1251 940 1334 prudenter
948 1251 1104 1316 dubitatur·
1115 1253 1150 1315 de

183 1344 330 1406 validitate
345 1341 452 1423 prioris
469 1341 627 1424 Baptismi,
643 1351 672 1403 ol
686 1351 758 1404 tunc
772 1343 851 1404 licite
871 1349 967 1424 potest
987 1340 1151 1423 baptismus

185 1433 328 1508 reiterari,
343 1430 400 1493 sub
414 1431 470 1494 hic
484 1430 580 1492 lormt
595 1451 603 1492 ε
619 1431 656 1492 Si
672 1431 835 1512 baptizatos
849 1450 889 1506 ea,
903 1451 959 1492 aon
974 1439 1003 1492 te
1018 1431 1151 1512 baptizo:

184 1523 210 1584 si
225 1521 389 1604 tmptiaotus
404 1540 460 1581 non
475 1539 523 1598 cs,
540 1539 591 1602 epo
612 1529 639 1582 te
664 1520 792 1602 baptizo,
805 1527 863 1582 etc.
891 1519 1020 1584 Proinde
1043 1521 1075 1582 in
1097 1520 1151 1582 hoc

184 1631 256 1674 casu
272 1629 332 1672 non
348 1611 510 1672 incurritur
524 1610 736 1691 irregularitas.

227 1706 254 1756 si
274 1703 340 1764 aero
354 1715 422 1783 post
431 1699 582 1762 sufficiens
591 1718 716 1761 examen
728 1718 789 1762 non
799 1699 928 1782 supersit
937 1697 1062 1761 dubium
1075 1700 1151 1762 circa

185 1793 366 1852 valntlratem
385 1789 491 1870 prioris
511 1787 669 1869 baptismi,
685 1791 765 1850 carte
783 1788 973 1869 sacrilegium
996 1789 1152 1851 committit

188 1879 370 1956 rebaptizans
385 1884 435 1938 aut
447 1876 549 1938 sinens
562 1895 594 1938 se
608 1875 781 1958 rebaptizari
798 1878 889 1940 etiam
899 1876 955 1939 snb
969 1878 1150 1941 conditione.

188 1971 251 2029 lino
267 1984 327 2028 'ron
344 1967 459 2027 tantum
473 1965 662 2046 sacrilegium
674 1967 729 2046 ipsi
739 1967 943 2043 committunt,
958 1963 1010 2028 sed
1021 1967 1040 2027 ii
1054 1967 1151 2049 etqui,

186 2055 268 2116 mallii
279 2053 431 2137 prumiaco
446 2055 580 2116 veritatis
594 2053 788 2135 intimatione,
798 2054 832 2115 ob
841 2055 931 2116 solum
944 2055 1152 2137 apprehensam

184 2144 295 2227 pra'oris
310 2143 458 2224 Baptismi
472 2143 594 2214 uitium,
617 2141 696 2203 illud
706 2143 797 2205 decuti
816 2144 906 2206 en'om
924 2143 977 2208 sub
994 2143 1154 2208 conditione

187 2235 349 2314 cerasorum.
366 2231 475 2312 quibus
489 2234 570 2294 certo
583 2234 683 2294 sciunt
699 2234 761 2312 jam
776 2233 868 2294 semel
886 2234 974 2296 antea
989 2231 1080 2296 luiso
1094 2234 1153 2297 ool·

189 2323 293 2399 laturn,
309 2320 347 2384 ab
357 2319 571 2402 irregularitate
586 2339 647 2383 non
661 2321 848 2399 eximuntur,
860 2322 946 2402 juxta
961 2321 1074 2384 Bened.
1091 2325 1153 2386 xlv

190 2411 252 2488 (De
264 2409 391 2492 Synod„
408 2410 459 2470 lib.
475 2415 512 2484 l,
528 2429 594 2492 cap.
610 2414 649 2487 tt,
671 2418 704 2470 n⁰
716 2409 772 2490 3),
787 2411 839 2492 qni
859 2429 913 2492 pro
932 2409 990 2473 blo
1009 2413 1153 2474 sententia

187 2501 259 2562 citat
268 2499 481 2562 Cutecbismum
489 2499 737 2580 Romanumtpars
746 2505 788 2576 2⁴,
799 2499 925 2562 deSocr.
937 2499 1042 2582 bapt,
1053 2511 1086 2562 n⁰
1094 2506 1152 2581 56),

188 2597 217 2652 ct
246 2591 276 2651 S.
300 2588 440 2651 Carolum
461 2589 549 2665 (Act.
572 2587 688 2650 Ecclcs.
706 2587 866 2650 Mediolcn.
887 2595 964 2670 part.
985 2591 1026 2666 t)
1049 2591 1094 2654 sic
1112 2591 1153 2653 lo·

188 2687 363 2760 quantem:
401 2698 416 2736 n
437 2677 467 2739 Si
491 2676 678 2758 exploratum
710 2675 848 2739 babuerit
879 2677 1044 2758 (sacerdos)
1073 2679 1153 2742 illum

188 2789 203 2826 r>
229 2769 325 2828 lbrmt
339 2768 452 2828 servata
471 2765 651 2847 baptizatum
669 2783 754 2843 esse,
770 2771 871 2828 caveat
884 2765 1011 2829 omnino
1024 2786 1064 2830 ne
1080 2768 1154 2831 hanc

187 2879 202 2916 a
228 2855 284 2917 sub
298 2854 471 2916 conditione
485 2853 651 2936 baptizandi
666 2853 794 2916 sormam
809 2853 963 2932 adhibeat,
979 2856 1052 2919 cbrn
1066 2859 1153 2922 sacri·

188 2965 203 3004 r>
229 2945 339 3025 logium
354 2944 532 3018 committat,
543 2945 566 3005 si
577 2946 681 3006 contra
694 2941 807 3022 fecerit,
823 2951 854 3006 et
867 2943 941 3006 illud
955 2945 1154 3027 impedimen·

188 3057 204 3092 u
228 3041 294 3094 tum
308 3032 463 3094 contrabat
470 3030 551 3113 quod
559 3033 633 3094 sacri
640 3033 1028 3115 canonesirregularitatem
1040 3041 1152 3098 vocant

188 3122 264 3185 Vide
279 3121 354 3182 intra
368 3120 496 3183 dicenda
510 3123 614 3200 (3180,
629 3123 716 3204 ete),
731 3129 761 3184 et
774 3121 887 3185 Concil.
904 3125 1054 3188 Rernense
1069 3129 1151 3196 tear,

229 3301 334 3362 Plures
346 3305 459 3373 tamen,
475 3297 556 3382 apud
574 3301 716 3381 Lequeua
730 3303 776 3382 (n⁰
788 3303 869 3378 52ll,
888 3300 967 3364 inter
979 3320 1058 3384 qnos
1070 3304 1152 3368 aeia.

189 3391 270 3469 (pars
283 3393 318 3460 6,
335 3388 385 3450 lib.
402 3391 441 3465 5,
456 3389 502 3451 tit.
517 3391 574 3466 3¹1,
591 3401 624 3450 n⁰
637 3394 707 3468 69),
727 3397 833 3472 putant
851 3391 936 3453 vitari
954 3392 1154 3475 irregularita-

190 3484 250 3538 tem
266 3479 290 3538 si
304 3476 459 3556 adjiciatur
478 3477 612 3542 conditio
627 3497 635 3540 ε
650 3479 677 3539 si
689 3497 745 3540 non
765 3498 793 3541 es
818 3478 1001 3561 baptizatus,
1023 3483 1155 3563 quamuis

192 3567 303 3627 temere
326 3574 433 3628 elnon
455 3568 610 3649 praemisst
632 3567 824 3648 inquisitione
844 3568 961 3644 debitt,
987 3569 1060 3651 qnia
1080 3571 1155 3653 leges

192 3655 324 3735 poenales
337 3653 586 3735 debent'intelligi
599 3673 671 3718 cum
684 3655 792 3724 ellectu
808 3675 816 3718 :
832 3675 896 3722 nou
907 3663 1010 3721 numm
1024 3657 1059 3720 bt
1071 3660 1154 3722 reite
