2534 3996
171 223 229 288 ΒΗ
389 218 528 276 nourrius
547 209 650 265 nonus
667 205 748 258 auara
768 198 915 252 cauomcr.

171 337 305 405 ecelesias
328 329 442 396 noviter
459 327 585 396 erecta,
599 311 654 378 etsi
674 310 700 374 is
720 305 835 370 nullam
858 297 988 384 propriae
1003 290 1141 356 dioeccsia

173 430 300 510 allegare
313 420 416 506 possit.

214 538 246 595 2⁰
259 528 290 592 Si
310 530 415 607 agatur
428 519 467 581 de
485 506 703 580 consuetudine
722 497 872 581 aliquibus
886 485 1029 555 Ecclesiis
1048 500 1151 567 pccu-

177 621 262 696 liari,
277 611 432 680 existentia
449 607 515 687 ejus
532 602 570 665 ab
587 599 737 680 Episcopo
758 594 803 654 est
821 579 996 669 probanda,
1011 571 1150 656 alioquin

178 715 226 796 jus
239 704 364 790 Capituli
380 708 414 764 ut
425 693 597 761 consulatur
610 686 777 770 permanet.

221 810 309 872 2395.
325 791 584 875 Quemadmodum
598 790 699 850 eutem
714 771 911 847 consuetudo,
923 765 1031 831 debitis
1043 760 1154 823 vestita

183 891 423 963 conditionibus,
440 883 570 946 eximere
592 879 687 958 potest
706 867 889 949 Episcopum
911 857 949 920 ab
969 852 1155 934 obligatione

185 985 352 1068 Capitulum
366 969 563 1046 consulendi,
578 965 668 1026 etiam
682 961 713 1022 in
732 953 848 1028 arduis,
863 950 903 1010 itu
916 949 1039 1010 econtra
1056 942 1156 1022 polest

186 1076 328 1139 inducere
349 1063 558 1146 obligalicnem
573 1055 657 1118 illum
676 1041 869 1112 consulendi,
884 1037 945 1100 imb
959 1033 1053 1114 ipsius
1075 1045 1158 1090 ecn-

187 1179 308 1228 sensum
323 1151 494 1222 obtinendi,
509 1147 599 1210 etiam
613 1143 644 1204 in
658 1133 845 1200 minoribus:
862 1124 943 1189 unde
962 1123 992 1183 in
1014 1119 1070 1181 hbe
1088 1133 1156 1176 ma-

189 1253 260 1315 terial
275 1249 404 1311 multum
418 1247 463 1302 est
476 1230 654 1299 attendenda
663 1219 861 1293 consuetudo,
872 1212 923 1278 ubi
937 1231 973 1274 ex
987 1204 1157 1271 rationabili

191 1344 279 1404 curisti
293 1344 338 1400 est
351 1329 529 1396 introducta.
543 1327 585 1386 lta
605 1323 747 1392 Lauren,
762 1330 815 1394 ap.
827 1311 864 1369 D.
880 1303 992 1378 Bouix,
1008 1297 1051 1360 lle
1070 1294 1095 1358 C
1096 1293 1161 1368 opi-

194 1431 275 1505 tulis,
291 1448 320 1509 p.
337 1427 405 1488 387.

232 1534 320 1594 2:396.
337 1525 458 1600 Quaerit.
480 1525 509 1582 l⁰
525 1515 711 1591 Quibusnam
729 1507 759 1568 in
783 1499 902 1566 essibus
922 1497 1059 1557 teneatur
1071 1486 1161 1570 Epis-

194 1641 288 1702 copus
302 1615 461 1682 eousilium
476 1605 601 1690 Capituli
616 1594 787 1682 requirere?

238 1724 324 1799 ltrsp.
342 1721 372 1777 1ο
386 1707 555 1773 Gerre-ratim
570 1701 607 1763 ad
621 1699 678 1759 boc
695 1699 813 1756 tenetur
829 1685 996 1768 Episcopus
1016 1677 1047 1741 in
1061 1676 1165 1741 omni·

198 1809 254 1870 bus
276 1803 402 1884 riegoliis
415 1795 527 1858 turtula.
545 1796 584 1854 ltu
603 1783 820 1856 communiter,
839 1783 870 1838 et
883 1773 1025 1856 probatur
1042 1787 1079 1830 ex
1094 1785 1162 1848 cap.

200 1897 312 1962 ilbi-il„
326 1910 392 1972 rap.
406 1884 518 1964 (laicum)
528 1889 631 1960 etcep.
647 1865 866 1944 pastoratum
876 1864 989 1945 iisquoe
996 1860 1164 1943 liunuete„

202 2002 288 2064 supra
298 1981 396 2042 relatis
407 1975 521 2059 (2300).

241 2083 304 2142 Hoc
318 2087 434 2150 tamen,
448 2075 530 2152 justa
543 2068 690 2130 dissertat.
706 2063 790 2121 ltctae
801 2057 846 2136 (in
860 2051 950 2116 decis.
967 2049 1036 2125 866,
1048 2049 1085 2108 lb
1097 2044 1166 2124 jun.

203 2175 308 2248 illd),
332 2184 393 2228 non
415 2164 452 2226 dc
480 2158 621 2223 munibus
643 2150 744 2213 arduis
771 2140 1000 2225 intelligendum
1026 2143 1088 2204 est.
1116 2135 1170 2196 sed

205 2265 321 2322 tantum
341 2256 379 2317 do
398 2251 498 2315 cedatis
521 2249 552 2310 in
574 2246 641 2325 jure
663 2236 811 2322 expressis
833 2253 840 2294 :
865 2234 907 2294 sic
934 2250 950 2288 u
972 2224 1170 2290 conciliantur

206 2373 221 2409 u
245 2363 351 2408 omnes
367 2344 443 2424 Juris
463 2335 600 2402 canonici
619 2337 734 2406 textus,
756 2323 953 2388 conciliantur
975 2317 1117 2376 Doctores
1140 2321 1171 2374 et

206 2462 221 2498 n
245 2401 1171 2500 areenturliteseominuaesupercogniticnecausarumardua·

207 2551 222 2588 u
248 2543 314 2588 rum
327 2541 396 2605 quac
410 2513 636 2582 estditlieillima
651 2532 665 2568 u
677 2510 736 2588 (ap.
754 2502 859 2577 Bouix,
874 2499 926 2568 ib,
940 2517 971 2578 p.
988 2495 1066 2572 aba).
1082 2492 1171 2552 Eam-

208 2616 277 2678 dem
287 2613 461 2696 opinionem
475 2604 610 2688 sequitur
624 2601 654 2661 S.
672 2599 781 2676 Congr.
797 2589 910 2653 Concil.
926 2585 1003 2666 (ib).

249 2713 337 2772 aaut.
354 2707 433 2776 lmb,
450 2699 545 2782 inquit
558 2693 690 2759 Ferraris
703 2695 747 2774 (ro
762 2685 946 2770 Capitulum,
963 2689 1019 2744 art.
1028 2682 1074 2758 3),
1089 2675 1171 2740 arere

209 2824 224 2862 o
251 2800 361 2879 ubique
382 2793 507 2856 babetur
525 2789 557 2849 iu
570 2783 711 2869 plurimis
730 2773 916 2842 cousuetudo
935 2769 1083 2834 contraria
1102 2769 1171 2845 (non

211 2914 226 2950 n
250 2883 425 2952 consulendi
440 2876 640 2962 Capitulum),
655 2875 715 2954 qut
729 2865 859 2950 legilimd
873 2869 1022 2934 exstante,
1039 2877 1099 2920 non
1114 2875 1174 2918 am·

213 3002 228 3040 n
253 2977 331 3059 plibs
344 2971 505 3052 requiritur
520 2967 611 3049 ipsius
625 2959 749 3043 Capituli
764 2952 923 3019 consilium
934 2953 1025 3030 (testu
1039 2963 1175 3028 expresso

215 3089 229 3128 a
255 3067 284 3126 iu
308 3082 374 3144 cup.
399 3059 466 3121 ll'ou
486 3067 542 3128 est,
567 3053 601 3115 de
620 3045 799 3120 consuetud,
816 3043 847 3104 'm
862 3046 949 3120 60).»
974 3037 1056 3100 ldem
1078 3036 1175 3098 usserii

215 3153 382 3226 Ilcilleusl.,
393 3148 444 3208 lib.
460 3149 491 3222 3,
507 3147 550 3205 tit.
564 3147 611 3212 10,
630 3149 662 3201 n⁰
676 3143 726 3202 2¹1.

256 3253 344 3312 2398.
361 3249 451 3326 llesp.
469 3247 501 3304 2⁰
515 3239 665 3322 speciales
682 3251 769 3298 casus
782 3232 814 3294 in
835 3227 945 3312 quibus
962 3227 1030 3306 jura
1044 3221 1175 3305 expressi

218 3341 386 3403 decernunt
398 3330 618 3395 consulendum
632 3345 697 3388 csse
710 3321 879 3404 Capitulum
892 3319 936 3379 sic
951 3312 1175 3379 recensenturin

220 3428 326 3490 eudem
343 3425 363 3485 F
366 3424 477 3484 errario
493 3423 538 3500 (ut
550 3423 666 3500 supra):

262 3528 292 3583 l·
314 3523 348 3582 ln
375 3517 615 3600 processionibus
639 3508 860 3581 decernendis,
883 3501 1071 3585 dirigendis,
1096 3505 1178 3580 atqua

223 3607 408 3706 deducendis
429 3609 481 3678 (S.
501 3607 595 3682 Cong.
618 3604 669 3682 R,
683 3605 722 3664 28
740 3606 827 3662 mart.
844 3598 970 3674 leram
989 3591 1063 3656 lebr.
1081 3593 1176 3665 ltili).
