2550 3992
207 224 267 290 686
434 243 574 292 murce
594 243 696 292 ronna
715 245 796 293 turra
817 246 966 296 cunonrcr.
1001 268 1007 277 ·

209 357 408 440 monialium,
437 360 477 423 da
505 361 687 423 earumdem
721 360 923 427 confessariis
951 364 1123 428 ordinariis
1157 373 1183 429 el

207 449 463 514 extraordinariis
474 451 626 532 loquitur,
636 462 853 533 opportunum
866 453 1012 517 ducimus
1026 455 1184 536 integrum

207 541 323 604 rel'erra
343 541 467 604 celebro
482 543 648 604 Decretum
670 541 732 604 diei
759 539 795 603 17
810 543 989 606 decembris
1006 543 1096 619 teau,
1122 564 1185 626 quo

208 632 299 712 plura
314 629 396 694 circa
408 631 535 692 eosdem
546 631 750 694 constituitur
764 631 825 694 aS.
840 630 874 694 C.
890 631 996 714 Epicu.
1013 643 1045 695 ct
1059 634 1183 714 llcgul„

208 739 270 783 una
285 739 358 782 cum
380 719 474 782 variis
488 719 755 783 declarationibus
770 739 843 803 quae
864 725 948 784 circa
963 723 1083 786 decreti
1101 725 1185 804 ejus·

208 809 280 874 dam
309 828 435 874 sensum
454 819 485 872 et
498 811 714 872 extensionem
729 809 769 873 ab
792 810 903 874 eadem
935 812 971 876 S.
995 811 1029 875 G.
1053 814 1185 877 ulterius

208 901 402 982 prodierunt.
420 897 466 962 lid
479 899 646 960 bostertns
657 917 712 979 per
728 907 879 962 tractatus
897 898 1082 978 decursum,
1093 919 1186 964 occa·

208 991 295 1053 sione
310 993 393 1065 data,
403 989 579 1050 remittetur
594 987 703 1051 lector.

246 1107 307 1188 (a).
323 1106 403 1169 -S.
418 1104 452 1170 G.
469 1103 535 1165 llll.
552 1109 582 1166 et
595 1103 661 1168 lili.
679 1102 834 1169 decretum
848 1107 880 1168 tl.
898 1104 936 1168 ll
951 1107 1022 1170 Dec.
1041 1106 1133 1170 teau.

245 1238 516 1316 Quemadmodum
539 1240 684 1303 omnium
707 1258 813 1304 rarum
835 1239 1066 1319 humanarum,
1083 1261 1189 1324 quau-

207 1333 323 1396 tumris
339 1331 476 1394 honestae
491 1343 669 1411 sanctaeque
684 1331 716 1392 iu
738 1349 770 1393 se
794 1331 856 1393 siut
871 1349 879 1394 :
896 1332 938 1394 ita
955 1341 985 1393 et
999 1331 1119 1410 legum,
1138 1353 1188 1395 sa.

206 1423 327 1505 pienter
341 1420 551 1494 conditarum,
568 1439 604 1482 ea
617 1419 757 1482 conditio
767 1429 825 1498 est,
840 1429 874 1483 ut
889 1420 929 1482 ab
943 1421 1135 1486 bominibus
1148 1423 1188 1486 ad

205 1511 379 1595 impropria
394 1520 425 1572 et
449 1512 551 1572 aliena
566 1526 604 1570 ex
628 1510 730 1572 abusu
753 1511 877 1572 traduci
899 1527 935 1573 ac
959 1511 1100 1591 pertrahi
1129 1531 1187 1574 ra-

205 1603 306 1676 leant;
320 1618 357 1663 ac
381 1608 545 1680 propterea
566 1597 759 1679 quandoque
783 1599 828 1676 ut,
860 1608 894 1661 ut
923 1600 1081 1663 intentum
1103 1601 1189 1664 ale-

206 1691 405 1774 gislatoribus
437 1690 531 1750 linem
560 1685 645 1750 baud
671 1688 809 1768 amplius
844 1700 1054 1771 assequantur
1084 1709 1093 1766 ;
1122 1692 1188 1754 imo

206 1792 236 1845 ct
246 1781 427 1862 aliquando,
440 1783 473 1840 ut
488 1777 682 1840 contrarium
696 1779 871 1841 sortiantur
884 1777 1047 1842 eflectum.

247 1871 347 1952 ldque
367 1865 540 1929 dolendum
558 1866 603 1927 vel
628 1869 765 1929 maxime
786 1876 832 1929 est
851 1867 1000 1950 obtigisse
1014 1869 1125 1950 quoad
1147 1869 1187 1930 le

205 1981 258 2042 ges
287 1959 423 2040 plurium
452 1956 753 2038 congregationum,
781 1955 974 2020 Societatem
1003 1965 1058 2020 aut
1088 1959 1186 2020 losti-

205 2062 344 2112 tutorum
362 2049 425 2110 sive
449 2047 620 2109 mulierum
646 2064 718 2126 quae
736 2057 802 2109 rota
818 2047 976 2126 simplicia
992 2057 1048 2108 aut
1066 2047 1188 2109 solem·

205 2141 258 2203 nia
283 2145 479 2216 nurmnpant,
505 2137 569 2198 sire
588 2135 730 2198 virorum
756 2135 951 2217 professione
972 2152 1009 2198 ac
1028 2137 1189 2217 regimina

204 2230 328 2309 penitus
346 2226 498 2287 laicorum
515 2241 523 2298 ;
540 2223 801 2306 quarrdoquidam
817 2225 986 2307 aliquoties
1001 2223 1035 2286 iu
1052 2225 1188 2288 itlurum

204 2314 487 2378 Gnrrstitutionibus
501 2313 704 2376 conscientiae
718 2313 931 2377 manifestatio
946 2315 1098 2393 permissa
1117 2313 1187 2376 lue·

204 2416 263 2480 rat,
288 2417 321 2466 ut
348 2401 471 2466 l'aritius
492 2403 615 2466 alumni
644 2406 774 2466 arduam
806 2404 1009 2484 perfectionis
1035 2405 1121 2468 viam
1147 2404 1191 2466 ab

203 2494 339 2576 expertis
353 2493 574 2574 Superioribus
602 2493 632 2552 in
651 2493 758 2554 dubiis
773 2491 971 2555 addiscerent
985 2509 993 2567 ;
1010 2501 1155 2556 econtra
1171 2511 1189 2554 a

203 2583 367 2649 nonnullis
393 2603 429 2644 er
454 2581 504 2644 his
537 2581 649 2643 intima
684 2581 889 2645 conscientiae
917 2585 1083 2659 scrutatio,
1114 2601 1190 2662 quae

202 2677 296 2738 unice
323 2674 526 2736 Sacramento
555 2671 757 2734 Poenitentiae
780 2681 933 2734 reservata
963 2679 1022 2752 est,
1056 2669 1190 2736 mducta

204 2765 271 2828 init.
298 2763 406 2826 itidem
431 2764 462 2824 in
488 2759 775 2824 constitutionibus
804 2762 845 2824 ad
873 2759 1032 2823 tramitem
1060 2778 1102 2824 se.
1131 2761 1192 2824 Ga·

203 2872 323 2916 nonum
353 2851 571 2935 prescriptum
594 2851 666 2924 luit,
696 2857 731 2912 ut
754 2849 992 2913 sacramentalis
1020 2847 1189 2913 Confessio

202 2943 233 3002 in
258 2941 439 3020 hujusmodi
462 2939 750 3004 Communitatibus
775 2939 862 3002 fieret
884 2940 1069 3020 respectiris
1097 2940 1189 3002 Gou-

202 3029 337 3094 lcssariis
360 3029 528 3092 ordinariis
553 3037 583 3090 et
611 3028 898 3103 extraordinariia3
921 3027 1054 3090 aliunde
1081 3027 1189 3100 Suna-

130 3121 131 3125 ’
201 3124 320 3184 riorum
336 3117 501 3180 arbitrium
518 3139 555 3180 eu
571 3136 671 3199 usque
686 3117 825 3192 derernt,
843 3127 878 3181 ut
890 3116 1026 3180 subditis
1043 3117 1187 3199 aliquem

200 3207 486 3273 extraordinarium
511 3207 744 3271 confessarium
771 3208 1009 3288 denegaverint,
1028 3206 1125 3268 etiarn
1150 3209 1187 3268 iu

199 3317 273 3362 casu
288 3316 362 3379 qno,
385 3306 418 3358 ut
434 3299 570 3377 prnpriae
590 3296 791 3360 conscientiae
805 3297 1021 3370 consulerent,
1037 3312 1077 3356 eo
1093 3294 1189 3358 valde

200 3385 392 3466 indigebant.
412 3385 512 3447 lndita
528 3389 666 3466 denique
679 3386 724 3446 eis
750 3383 809 3448 luit
836 3383 1037 3448 discretionis
1054 3401 1091 3444 ac
1108 3401 1191 3463 pru·

199 3475 312 3537 denttae
331 3494 452 3550 norma,
477 3485 509 3534 ut
538 3493 611 3535 suos
644 3473 787 3536 subditos
815 3473 875 3536 rite
900 3483 1047 3554 recteque
1077 3473 1189 3553 quoad

200 3563 372 3638 peculiares
387 3561 589 3644 poenitentias
600 3579 637 3624 ac
647 3561 724 3625 al³as
735 3561 859 3643 pictatia
870 3579 967 3644 opera
980 3559 1161 3640 dirigerent
1178 3580 1189 3640 ;
