2550 3992
407 304 493 378 tibin
514 329 670 378 esemona.
972 313 1033 378 tls

60 455 75 492 e
100 429 260 496 amovendi
282 432 383 493 sunta
399 433 615 496 communione
635 431 860 510 Eucharlslicd3
875 453 891 492 o
908 431 1037 514 proinde

60 519 1034 601 abaliisetiamSacramentis,exceptoPoenitenliaeSacramenta.

101 612 192 672 3223.
209 609 330 681 Quaerit.
350 609 526 682 ll·0uanla
540 610 578 670 sit
590 609 731 690 obligatio
740 618 836 674 vestes
845 627 944 674 sacras
955 609 1036 674 adhi-

63 697 155 761 bendi
169 697 199 759 in
214 697 470 760 administratione
484 698 774 761 sacramentorum?

104 787 194 868 llesp.
213 791 243 848 l·
258 787 403 858 Ouaenam
421 793 518 849 vestes
531 787 591 848 sint
609 786 787 852 adhibendae
801 789 831 850 in
846 789 1037 852 administra·

64 876 147 939 tione
161 877 444 949 Sacramenlorum,
466 874 615 938 indicatur
629 875 659 936 in
677 875 853 958 Pontificoll
865 897 920 960 pro
935 879 1038 942 Sacra-

66 964 177 1028 mentis
190 963 309 1026 Ordinis
323 970 352 1026 et
365 963 625 1040 confirmationis,
640 969 671 1026 et
683 963 714 1026 in
729 965 848 1027 Rituali
857 985 912 1049 pro
926 967 1040 1030 caeteris

67 1053 305 1116 sacramentis„
333 1054 367 1114 In
395 1052 542 1116 hocloco
567 1059 670 1115 tamen
693 1053 850 1117 referenda
873 1061 917 1117 est
929 1055 1041 1118 decisio

67 1145 98 1203 S.
118 1146 151 1203 lt.
168 1143 278 1223 Congr.
295 1141 447 1204 Analectis
461 1141 572 1203 inserta
587 1143 659 1220 (am.
677 1145 774 1219 1855,
790 1143 847 1206 col.
865 1144 966 1222 lt3sl.

107 1235 197 1294 biit.
213 1265 253 1278 -
269 1252 286 1290 s
300 1233 337 1293 V.
360 1233 466 1294 Utrum
483 1229 600 1312 possint
618 1237 649 1292 et
670 1229 726 1313 ipsi
751 1233 910 1308 Canonici,
933 1233 985 1314 qui
1005 1250 1042 1296 ex

68 1345 82 1379 n
108 1321 232 1400 antiquo
245 1337 331 1382 more
349 1321 475 1380 mozcttal
489 1325 519 1380 et
532 1318 666 1380 rochetto
684 1319 815 1402 insigniti
831 1327 920 1384 sunt.
936 1322 978 1383 uli
994 1340 1042 1382 ro·

68 1432 83 1466 o
108 1407 573 1472 chettoinadministratiuneseu
583 1406 770 1469 coniectione
781 1409 1043 1472 sacramentorum

69 1521 84 1556 n
109 1503 136 1559 ot
155 1497 447 1574 sacramentalium,
467 1498 539 1558 clrm
567 1497 671 1557 hever.
697 1496 864 1578 Episcopus
881 1515 970 1560 usum
991 1517 1044 1560 ro-

71 1611 85 1646 u
111 1585 201 1649 chetti
227 1585 426 1667 generaliter,
452 1591 482 1646 et
508 1603 563 1666 pro
586 1586 691 1664 majmi
720 1585 882 1648 seminario
909 1593 1044 1648 recenter

71 1700 86 1736 n
113 1673 1045 1756 preceperitseusaltemprobarerit,etproomnihusinsuper

72 1787 88 1824 o
113 1783 176 1827 suae
189 1763 326 1826 rlitrcesis
341 1763 540 1844 preshyteris,
557 1764 647 1824 etiam
666 1762 696 1823 in
719 1763 981 1826 sacramentorum
997 1763 1047 1824 ad-

72 1877 87 1914 a
115 1852 344 1927 ministratione,
354 1852 588 1914 seloleraturum
602 1869 667 1913 esse
681 1859 749 1913 roto
759 1859 787 1914 et
798 1853 908 1932 scripto
917 1851 1046 1914 declara-

73 1967 88 2003 s
113 1941 204 2016 verit,
218 1940 365 2023 quidquid
380 1941 411 2002 in
425 1939 726 2002 contrariumlaciant
742 1940 948 2004 Crerrnroniale
960 1941 988 2000 E
985 1941 1046 2022 pis-

73 2049 268 2108 scaporum,
299 2029 418 2091 Ilituulc
440 2029 618 2098 Romanum,
651 2029 771 2092 Missole
794 2035 822 2092 et
847 2029 1044 2112 Pontificale,

74 2145 89 2179 n
115 2119 244 2200 licetque
267 2118 368 2196 nulla,
389 2117 420 2180 in
443 2117 564 2180 dioecesi
588 2119 828 2196 cenomanensi,
853 2118 973 2200 antiqua
997 2127 1046 2180 eut

75 2233 90 2267 u
115 2205 287 2289 usquedum
311 2207 459 2289 generalis
473 2225 527 2289 pro
545 2209 582 2268 ea
595 2225 686 2270 sacrae
706 2206 834 2290 liturgiae
854 2206 1047 2288 derogatione

76 2321 90 2356 n
115 2295 496 2361 exstileritconsoetudo...

116 2407 174 2448 a...
195 2383 238 2446 td
253 2385 288 2445 V.
304 2385 482 2446 Rochettum
497 2402 558 2446 non
574 2402 639 2446 esse
652 2391 893 2448 vestemsacrem
907 2385 1049 2448 adhihen-

76 2501 91 2536 u
116 2473 188 2537 dam
202 2473 232 2535 in
247 2473 505 2535 administratione
519 2481 774 2535 sacramentorum
783 2521 791 2550 ,
800 2491 836 2536 ac
844 2473 970 2554 proinde
984 2482 1049 2536 lum

76 2589 92 2626 u
117 2563 156 2626 ad
169 2580 204 2625 ea
217 2561 431 2638 ministranda,
452 2567 518 2624 turn
532 2559 570 2623 ad
584 2561 806 2642 suscipiendam
830 2561 958 2641 primam
981 2567 1049 2622 ton-

78 2677 92 2712 o
118 2669 221 2716 suram
252 2657 283 2713 et
312 2651 446 2713 minores
473 2650 614 2724 ordines,
644 2649 813 2712 necessarie
836 2648 1051 2730 superpelliceo

79 2765 94 2802 n
118 2739 277 2806 utendum.
295 2743 394 2821 htque
409 2739 447 2801 ila
461 2739 619 2802 declararit
633 2737 682 2800 die
698 2742 734 2800 10
751 2739 871 2817 januar.
888 2739 975 2799 l852.
992 2760 1008 2797 u

119 2830 262 2892 Decisum
278 2834 378 2891 tamen
393 2827 449 2890 tuit
468 2830 565 2908 QJ'un.
589 2831 686 2904 1860,
711 2827 750 2888 ab
766 2826 874 2888 eadem
897 2827 929 2889 S.
954 2829 1048 2912 Cong.

79 2918 241 3001 alanum
256 2918 401 2980 servando
415 2925 492 2980 esset
504 2915 702 2991 consuetude,
711 2917 894 2996 juxtaquam
906 2917 1052 2980 Paeniten-

80 3007 186 3071 tiarius
200 3007 388 3084 Canonicus,
404 3006 435 3067 in
449 3004 615 3067 Cathedrali
629 3005 764 3086 Ripaot,
782 3003 922 3068 audiebat
934 3007 1051 3069 conses-

79 3099 184 3161 siones
197 3113 266 3158 cum
282 3095 451 3176 insignibus
465 3093 635 3156 choralibus
649 3111 760 3174 nempe
773 3093 902 3156 rochetto
920 3101 949 3156 et
961 3095 1054 3176 coppi

80 3183 189 3268 mopnai
211 3191 348 3266 tempore
369 3182 515 3265 hyemali,
534 3189 592 3244 etc
617 3180 703 3262 (Vide
724 3182 889 3261 Analecta,
907 3187 959 3245 lh·
973 3184 1037 3246 hur.
1031 3229 1052 3260 .,

22 3275 24 3316 ²
22 3275 140 3338 col.
158 3275 240 3352 489.)

23 3367 26 3432 l
122 3365 214 3426 3225.
236 3363 327 3444 Resp.
343 3364 376 3424 2·
399 3357 592 3442 Reputaritcr
613 3359 733 3442 obligat
725 3377 756 3422 ro
712 3359 938 3422 todhibendi
959 3365 1055 3423 restes

83 3451 274 3534 praescriptas
292 3455 338 3512 est
351 3447 407 3512 sub
421 3449 502 3530 gravi
527 3455 661 3550 peccato.
682 3449 748 3510 Dixi
770 3447 969 3528 repuleriter:
984 3466 1054 3512 narn

82 3539 232 3623 quasdam
250 3545 347 3601 restes
374 3538 476 3599 minus
497 3538 663 3619 praecipuas
694 3555 756 3599 non
784 3535 946 3614 adhibere,
976 3537 1055 3600 velut

27 3687 35 3702 ,,
83 3629 230 3692 amictum
243 3634 273 3689 et
285 3625 460 3708 cingulum
454 3644 484 3687 m
498 3626 697 3690 celebratione
712 3625 825 3700 missae,
848 3642 908 3686 non
930 3623 1056 3688 habetur

27 3705 47 3973 'p
84 3715 290 3780 communiter
302 3723 337 3777 ut
347 3733 436 3792 grave
449 3723 624 3791 peccatum.
641 3713 723 3778 unde
737 3713 854 3776 nullum
868 3722 1056 3794 cssetpecca·
