2550 3992
203 279 262 344 obt
440 297 580 348 urnulas
596 297 697 346 ronna
716 295 799 344 mars
819 293 967 344 aaronica

204 409 295 476 quur.
310 396 344 458 ³⁰
353 393 431 470 ,··-si
443 389 912 476 aquabapttsmatissecundinas,
922 389 953 451 ln
965 388 1178 471 quibusloelua

204 483 370 561 involvitur,
386 482 576 546 solummodo
590 489 740 564 tangeret,
755 480 866 542 dubius
881 481 991 564 pariter
1004 486 1085 542 esset
1098 481 1177 561 Bap-

204 572 320 634 tismus.

243 665 333 724 aaut.
349 662 471 736 Quaerit.
496 662 527 725 l·
554 663 601 722 Aa
624 657 723 721 iulans
744 659 777 720 in
799 656 934 743 periculo
948 657 1056 722 mortis
1083 653 1178 740 possit
1266 655 1267 660 ’

205 749 345 832 baptizari
360 752 391 813 in
404 758 490 813 utero
504 748 632 812 matris?

244 842 334 922 llesp.
350 841 551 914 Quaestionem
570 836 649 900 banc
662 855 727 900 esse
739 836 825 902 valde
838 843 1081 913 controversam
1095 834 1178 898 mul·

205 935 310 1010 tasque
325 949 359 992 ac
374 947 478 1010 graves
492 927 680 991 auctoritates
693 927 790 989 afferri
806 944 861 1010 pro
874 927 1023 989 sententia
1035 931 1178 1007 negante,

207 1025 239 1082 ut
252 1019 342 1080 videri
358 1024 454 1098 potest
464 1015 545 1098 apud
556 1017 587 1078 S.
604 1017 738 1096 Lignea,
754 1015 847 1091 libb,
864 1019 899 1075 n⁰
914 1019 989 1091 {073
1005 1015 1058 1078 sed
1074 1032 1181 1097 graves

206 1109 294 1169 etiam
317 1107 508 1168 auctoritates
528 1103 653 1187 prolerri
674 1124 728 1186 pro
750 1105 896 1166 sententia
909 1103 1093 1176 affirmante,
1109 1121 1181 1184 quta

206 1196 278 1256 sotis
286 1193 450 1276 probabilis
463 1194 501 1256 ab
514 1193 620 1256 endem
634 1192 822 1256 declaratur:
839 1194 919 1256 unde
933 1193 1059 1255 indicta
1073 1209 1180 1254 neces·

206 1284 291 1345 ritate
304 1331 311 1360 ‚
327 1283 383 1346 sub
397 1283 569 1346 conditione
584 1282 681 1346 intans
698 1283 728 1344 ln
748 1288 834 1346 utero
848 1282 951 1344 matris
965 1289 1011 1345 est
1025 1281 1181 1362 baptizan-

206 1372 283 1448 dus,
299 1372 390 1434 model
411 1380 588 1454 procuretur
607 1379 642 1434 ut
661 1371 763 1453 aliquo
783 1371 982 1434 instrumento
1004 1370 1121 1432 ablutio
1142 1369 1182 1432 ad

208 1461 351 1524 infantem
365 1461 536 1544 perveniatr
548 1479 619 1523 nam
630 1479 690 1524 non
706 1459 774 1524 licet
787 1461 870 1523 illum
883 1459 1030 1541 baptizare
1041 1460 1076 1521 in
1087 1478 1182 1522 carna
1269 1523 1270 1538 ¹

208 1552 311 1615 matris
324 1552 405 1631 ejus.
422 1551 493 1612 cum
515 1557 611 1612 mater
625 1550 663 1612 sit
676 1553 835 1632 personata
852 1567 908 1612 suo
927 1549 1001 1611 loetu
1020 1548 1181 1624 distincta;

208 1647 238 1702 et
259 1640 316 1702 hoc
335 1642 453 1702 tantum
467 1639 642 1722 prohibetur
658 1643 674 1701 a
690 1638 809 1702 llituali
828 1639 956 1701 Romano
974 1637 1067 1700 modo
1086 1637 1184 1700 relato

209 1731 336 1881 φξέῗὶέ.
360 1819 479 1892 Quaerit.
495 1823 528 1880 2⁰
543 1821 590 1879 bn
604 1821 641 1878 sit
655 1817 796 1897 obligatio
808 1815 961 1898 aperiendi
975 1821 1097 1880 uterum
1110 1835 1182 1880 mu·

208 1907 309 1985 lieris,
325 1907 349 1970 si
361 1925 448 1969 secus
462 1905 560 1969 inians
574 1925 634 1967 non
650 1909 743 1986 possit
756 1905 920 1988 baptizari?

249 1999 338 2078 llesp.
356 1996 408 2058 Vel
424 2013 582 2077 praegnans
595 2002 641 2056 est
653 1995 766 2069 virens,
776 1995 822 2056 vel
836 2002 881 2057 est
894 1998 1031 2057 mortua:
1042 1993 1075 2055 r'rr
1081 1997 1180 2077 primo
1271 2027 1272 2056 r

208 2107 286 2162 coru,
302 2085 438 2147 illicitum
452 2093 497 2146 est
510 2083 748 2165 scindercipsius
761 2090 894 2146 ventrem
903 2083 1182 2166 utinlansbaplize-
1271 2075 1272 2084 ’

208 2182 257 2236 tur
273 2195 280 2236 ι
297 2174 367 2254 quia
383 2191 443 2234 nnn
458 2173 525 2234 licet
539 2173 670 2253 aliquem
690 2171 826 2234 occidere
844 2178 896 2235 aut
913 2171 1060 2253 probabili
1074 2175 1184 2236 mortis

209 2262 342 2345 periculo
356 2279 517 2342 exponere,
528 2262 618 2324 etiam
627 2262 664 2324 ad
675 2261 800 2323 salutem
810 2261 931 2324 alterius
940 2261 1181 2342 procurandum.

213 2373 228 2409 a
250 2349 513 2430 Nervatetnicere,
527 2351 665 2431 inquitS.
681 2350 801 2432 Liquor.
814 2349 877 2429 (ila,
892 2361 925 2411 n⁰
935 2351 1017 2427 106),
1027 2349 1112 2431 quod
1123 2353 1183 2414 rita

209 2459 224 2500 n
249 2437 409 2524 spiritualis
420 2438 540 2501 infantis
553 2439 642 2502 debet
655 2440 789 2521 prael'erri
802 2441 869 2501 ritae
884 2438 1038 2520 temporali
1056 2441 1181 2517 matris3

209 2551 224 2588 a
250 2525 1184 2610 narnboointelligendum,utquisquedebeatquidemmortem

209 2641 224 2678 a
249 2619 412 2694 sustinere,
429 2635 490 2680 non
504 2615 827 2680 autemutdebeatnec
838 2617 973 2699 utpossit
984 2623 1113 2678 mortem
1125 2619 1184 2682 sibi

210 2732 225 2768 n
250 2704 1180 2787 inlcrrevelalterumoccidereprosalutespiritualiproximi.a

210 2799 361 2860 Contraria
376 2805 476 2858 tamen
491 2795 636 2858 sententia
651 2795 820 2875 amplexata
833 2795 889 2856 luit
902 2793 932 2856 in
947 2793 1098 2874 plerisque
1113 2797 1185 2858 Col·

210 2885 370 2948 latronibus
389 2885 478 2964 hujus
496 2883 631 2947 diaecesis
652 2883 872 2946 Valentinensis
893 2901 974 2944 anno
992 2883 1080 2947 rasa.
1105 2886 1185 2948 Vide

210 2975 396 3038 Mandement
407 2995 482 3056 pour
492 2973 532 3036 les
544 2973 655 3053 confer.
671 2973 706 3033 de
721 2975 813 3049 1839,
828 2991 860 3054 p.
876 2974 984 3047 8‚etc.

250 3066 340 3125 3263.
363 3063 400 3124 Io
413 3059 1184 3136 secundocoau,nontantlrmlicetscinderemntrem

211 3151 334 3228 matris,
349 3150 402 3213 sed
420 3159 465 3212 est
482 3151 624 3232 obligatio
638 3149 712 3212 illud
729 3149 882 3231 aperiendi
897 3155 930 3211 ut
943 3149 1071 3212 salvetur
1086 3153 1185 3232 ipsius

211 3240 326 3314 inlnns3
340 3245 371 3301 et
384 3239 441 3300 boc
454 3237 568 3300 etiamsi
579 3239 898 3321 aliquoinstrumenm,
910 3255 988 3320 aqua
997 3237 1185 3320 baptismatis

212 3327 502 3410 possetadinlantem
513 3325 1184 3409 peruenire,quiabuJ'usmodibaptismieffeo·

213 3425 259 3478 tus
274 3435 334 3478 non
345 3423 390 3478 est
400 3419 526 3478 omnint
539 3426 658 3480 certus:
676 3423 837 3479 constater
847 3415 953 3478 llituali
964 3433 1054 3497 supra
1066 3417 1182 3488 relato:

212 3504 399 3586 graviterque
412 3511 572 3586 peccarent
591 3513 729 3586 parentes
743 3503 795 3587 qui
817 3523 878 3567 non
893 3513 1090 3586 procurarent
1101 3505 1183 3572 hanc

213 3591 389 3655 incisionem
404 3594 467 3654 lieri
481 3614 488 3668 ;
505 3593 674 3673 pariterque
688 3593 820 3673 chirurgi
835 3593 887 3675 qui
896 3611 963 3654 eam
977 3593 1076 3655 lacere
1089 3597 1185 3658 omit·

213 3682 309 3742 terunt
322 3689 373 3744 aut
385 3682 554 3754 ultroneae
572 3687 749 3763 teneturque
764 3681 912 3764 parochus
923 3699 1029 3744 curare
1036 3699 1075 3744 ne
1085 3691 1186 3746 mater
