2550 3992
340 290 426 342 umen
447 290 605 338 srcuuoos.
631 307 667 322 -
689 289 876 342 rrrrnorcss.
912 266 913 269 ’
1037 275 1095 338 695

116 411 212 495 plicia
239 408 368 492 quidem
394 405 448 472 sed
475 416 629 490 perpetua
658 407 810 491 prolrsso,
839 408 995 472 rel-rotis
1020 411 1095 472 sirn-

117 501 255 584 plicibus
282 497 494 580 temporaneis
523 497 674 560 adstrioto
706 516 743 561 ao
771 496 803 560 in
832 499 928 562 sacris
967 499 1096 582 insuper

115 591 283 654 Ordinibus
296 589 466 652 constituto
483 586 673 651 dimittendo
687 588 745 664 ;ita
758 597 793 652 ut
808 588 921 650 borum
935 591 1097 652 neminem

117 689 148 741 et
168 679 227 762 ipsi
242 679 400 754 dimittere
421 677 559 752 valeant,
585 687 618 739 ut
643 693 730 740 nunc
751 677 873 740 dictum
897 678 1034 750 sitnisi
1055 678 1096 742 ob

117 768 246 850 culpant
261 783 398 846 gravem,
418 776 592 842 externam,
616 773 646 828 et
673 768 849 848 publicam,
863 775 893 829 et
910 767 969 830 nisi
984 768 1095 849 eulpa·

119 855 192 918 bilis
205 855 244 918 sit
270 855 366 918 etiam
390 855 632 936 incorregibllis.
650 855 816 920 Utsutem
836 856 908 938 quis
923 857 1095 938 incorregi·

118 945 191 1008 bilis
213 961 318 1008 revera
341 943 506 1018 habeatur,
541 943 725 1028 Superiores
757 945 946 1027 praemittere
966 945 1095 1023 debent,

117 1035 271 1098 distinctis
294 1033 505 1116 temporibus,
524 1035 639 1096 trinam
659 1033 910 1099 admonitionem
926 1045 956 1099 et
972 1054 1096 1100 correo·

119 1125 256 1200 tionem;
273 1141 335 1205 qua
351 1121 429 1184 nibil
447 1123 630 1202 proliciente
645 1121 828 1206 Superiores
842 1125 861 1189 d
884 1127 961 1188 bent
972 1143 1095 1208 proces·

118 1232 188 1277 sum
214 1223 322 1276 contre
343 1213 587 1294 delinquentem
613 1213 781 1290 instruere,
808 1233 973 1296 processus
995 1214 1096 1278 resul-

118 1304 216 1366 tantia
243 1311 389 1366 accusato
417 1303 607 1369 contestari.
637 1306 742 1365 eidem
766 1313 890 1384 tempus
918 1321 1095 1383 congruum

118 1392 300 1467 concedere,
316 1408 379 1471 quo
404 1408 477 1451 suas
506 1391 708 1453 detenstnnes
734 1393 800 1452 sire
820 1409 872 1472 per
893 1409 936 1464 se,
953 1395 1018 1456 sire
1040 1411 1095 1476 per

117 1483 216 1546 alium
240 1479 383 1560 ejusdem
409 1476 550 1542 Instituti
575 1471 757 1560 religiosum
785 1479 934 1542 exhibere
960 1481 1094 1560 valeat;

118 1571 202 1652 quod
218 1575 242 1632 si
256 1579 419 1632 accusatus
437 1570 503 1648 ipse
515 1569 659 1650 proprias
674 1567 874 1630 detensiones
885 1587 947 1630 non
960 1587 1095 1650 praesen.

118 1661 239 1734 laverit,
254 1657 414 1741 Superior,
440 1676 494 1720 seu
515 1656 679 1734 Tribunal,
702 1658 913 1734 defensorem,
937 1665 971 1720 ut
985 1676 1094 1737 supra,

118 1750 285 1812 alumnum
319 1748 485 1827 respectiri
523 1745 664 1810 instituti
692 1765 730 1809 er
766 1745 870 1808 olbcio
902 1747 1095 1812 constituere

117 1837 255 1902 debebit.
272 1838 342 1901 Post
367 1836 435 1900 baeo
458 1837 609 1917 Superior
632 1855 705 1899 cum
727 1854 787 1899 suo
811 1834 949 1900 Consilio
970 1847 1095 1900 senten-

119 1931 195 1992 tiam
219 1927 414 2008 expulsionis
440 1936 494 1986 aut
520 1925 712 1989 dimissionis
735 1927 943 2008 pronuntiare
968 1927 1092 2008 poterit,

118 2038 189 2100 quae
203 2027 307 2080 tamen
321 2015 446 2078 nullum
463 2016 611 2078 ellectum
632 2015 763 2076 babebit
783 2015 808 2077 si
831 2018 1094 2079 condemnatuss

118 2109 270 2172 sententia
288 2107 407 2189 prolata
422 2107 481 2168 rite
505 2108 542 2167 ad
560 2102 591 2168 S.
608 2102 643 2168 C.
659 2104 717 2166 Eu.
741 2112 771 2167 et
794 2105 856 2166 llll.
873 2107 1093 2186 appellaverit,

117 2197 220 2262 donec
231 2215 284 2278 per
298 2193 440 2258 earudem
455 2193 487 2258 S.
504 2193 536 2258 C.
551 2193 748 2256 definitivum
764 2193 918 2273 judicium
936 2195 1093 2275 prolatum

117 2305 183 2352 non
201 2287 301 2350 luerit.
316 2317 353 2334 -
369 2285 494 2360 Quoties
509 2293 615 2345 autem
631 2282 783 2362 gravibus
798 2301 835 2344 ex
862 2282 966 2344 causis
987 2301 1093 2363 proce-

118 2376 215 2442 dendi
231 2375 396 2438 methodus
409 2372 589 2453 supradicta
602 2373 718 2434 servari
734 2381 881 2452 nequeat,
902 2382 976 2434 tuno
988 2392 1093 2436 recur-

117 2486 172 2531 sus
187 2466 296 2528 haberi
310 2463 422 2528 debeat
443 2461 481 2523 ad
498 2461 582 2524 banc
597 2460 629 2525 S.
649 2458 688 2521 C.
708 2459 746 2521 ad
762 2459 912 2522 ellectum
928 2463 1092 2524 obtinendi

118 2554 420 2638 disperrsntionema
444 2549 699 2615 solemnitatibus
716 2550 918 2630 praescriptis,
941 2558 972 2610 et
995 2550 1093 2612 lacul-

117 2655 212 2707 tatem
229 2642 418 2728 procedendi
438 2641 611 2704 summario
630 2637 826 2719 modojurta
844 2637 967 2718 praxim
984 2638 1093 2718 rigen-

116 2744 182 2798 tem
197 2732 281 2817 apud
299 2733 380 2795 banc
395 2730 425 2795 S.
445 2730 477 2794 G.

158 2820 208 2886 tv.
228 2821 511 2884 blumnirotorum
526 2818 729 2894 solemnium,
744 2816 793 2881 vel
807 2814 1004 2898 simplicium
1020 2837 1093 2902 per·

118 2923 297 2997 petuorum,
312 2911 357 2973 rel
380 2909 611 2991 temporalium,
627 2910 659 2970 in
678 2907 781 2971 Sacris
803 2906 975 2971 Ordinibus
1002 2928 1094 2972 cons·

117 3003 214 3073 tituli,
228 3001 282 3082 qui
295 3001 416 3081 expulsi
431 3002 478 3062 rel
493 2998 613 3062 dimissi
629 2996 761 3074 luerint,
778 3005 932 3078 perpetuo
947 2999 1092 3081 suspensi

119 3099 280 3161 maneant,
296 3093 425 3151 doneca
440 3087 471 3152 S.
485 3087 564 3152 Sede
576 3087 639 3150 alio
654 3086 748 3148 modo
770 3085 816 3147 eis
831 3091 1016 3149 consulatur
1031 3104 1039 3159 ;
1056 3104 1093 3148 ae

117 3191 266 3263 praeterea
283 3179 472 3260 Episcopum
486 3177 674 3240 benevolum
690 3184 883 3256 receptorem
901 3175 1090 3252 invenerint,

116 3281 149 3334 et
164 3274 202 3332 de
217 3268 425 3332 ecclesiastico
441 3267 635 3348 patrimonio
650 3262 707 3328 sibi
724 3263 928 3346 providerint.

160 3357 193 3423 ll.
208 3358 264 3432 Oui
285 3357 317 3419 in
335 3357 435 3418 Sacris
448 3354 619 3418 Ordinibus
634 3354 796 3416 constituti
821 3361 852 3414 et
866 3351 946 3413 votis
969 3351 1091 3432 simpli·

118 3449 210 3511 cibus
224 3446 364 3509 obstricti
379 3449 443 3508 sive
459 3443 631 3526 perpetuis,
643 3443 707 3504 slve
724 3441 964 3522 temporalibus,
981 3450 1093 3521 sponte

118 3535 334 3602 dimissionem
346 3533 385 3598 ab
400 3533 580 3615 Apostolica
591 3529 671 3594 Sede
689 3531 830 3613 petierim
844 3541 873 3592 et
885 3530 1091 3602 obtinuerint,

118 3623 168 3688 sel
184 3625 275 3688 aliter
288 3638 326 3688 ex
337 3621 514 3707 Apostolico
526 3621 688 3704 privilegio
704 3640 721 3684 a
737 3619 817 3684 rotis
831 3618 1031 3701 simplicibus
1043 3617 1093 3682 rel
