2522 4028
179 191 238 254 tat
399 205 537 254 amurca
556 207 657 255 renus
677 207 758 256 murs
777 206 925 256 caucmcr.

177 323 193 362 r
218 302 342 368 valitura
364 301 584 366 Constitutione
602 303 807 380 sancimus...,
828 305 911 366 utin
932 303 1172 386 cujuscumque
1242 321 1243 330 ¹

178 415 193 453 a
217 392 338 456 Ordinis
347 399 377 454 et
390 392 518 454 lnstituti
528 392 723 474 regularium,
735 399 796 454 tam
811 393 1047 457 mendicantium
1059 399 1171 474 quam

178 503 194 541 a
219 500 280 544 non
296 481 553 558 mendicantium,
577 482 666 543 etiam
681 481 908 562 quomodolibet
921 490 1144 564 exemplorum
1161 529 1172 560 ,

179 593 194 630 n
219 583 248 634 et
262 571 441 652 Apostolicee
454 569 523 632 Sodi
539 569 711 632 immediate
725 570 951 652 subjectorum,
966 571 1072 634 studiis
1087 589 1172 633 orn-

179 682 194 719 n
220 660 309 724 nibus
324 659 415 722 trium
429 659 602 741 linguarum
616 658 811 738 hujusmodi,
835 659 983 724 hebraice
997 660 1171 740 videlicet,

180 771 195 807 a
220 767 326 827 greecae
347 755 377 810 et
400 747 499 810 letinae
511 767 520 824 ;
544 747 577 810 in
599 749 763 828 majoribus
785 750 856 812 verd
878 767 914 812 ac
936 749 1173 813 celebrioribus

181 861 196 900 a
220 838 310 900 etiam
325 837 470 914 arabicae,
487 835 625 900 doctores
638 885 646 914 ,
662 837 816 919 regulares
830 837 1008 920 quidem...,
1023 840 1074 921 qui
1090 838 1173 902 illas

182 949 197 986 n
221 933 290 989 actu
304 931 334 988 et
346 924 505 1008 diligenter
517 925 657 1004 doceant,
673 925 856 1004 habeantur,
871 928 897 990 ai
911 927 1009 991 studia
1021 927 1053 990 in
1067 928 1172 990 urbi-

182 1037 196 1076 a
221 1014 278 1076 bus
292 1021 321 1076 et
335 1013 407 1076 locis
421 1015 552 1076 existunt
565 1015 616 1077 ubi
631 1015 803 1098 linguarum
818 1016 1029 1098 praedictarum
1043 1019 1172 1098 peritos

183 1125 197 1164 a
222 1101 411 1165 conducendi
426 1102 549 1166 facultas
563 1111 627 1182 est;
650 1105 756 1167 studiis
769 1107 839 1168 verb
858 1105 1014 1184 locorum,
1030 1106 1080 1168 uhi
1099 1107 1169 1172 hu-

68 1193 77 1212 ·
184 1215 198 1254 a
220 1191 351 1272 jusmodi
372 1191 509 1256 doctores
531 1193 659 1270 desunt,
682 1197 753 1258 chm
768 1196 901 1276 primhm
921 1197 953 1257 in
974 1196 1038 1259 aliis
1052 1197 1170 1259 studiis

183 1281 274 1344 aubi
305 1281 416 1362 linguae
444 1282 617 1362 huiusmodi
645 1283 836 1346 docebuntur
861 1285 1011 1348 scholares
1037 1290 1169 1349 tantiam

183 1395 199 1432 a
223 1369 403 1452 profecerint
417 1378 450 1434 ut
462 1371 606 1435 docendis
615 1373 681 1435 aliis
695 1373 795 1436 idonei
811 1375 880 1449 sint,
892 1373 930 1436 de
946 1375 1051 1436 iisdem
1068 1375 1167 1437 schc-

183 1484 199 1522 a
224 1461 335 1524 laribus
349 1461 549 1542 provideatur.
568 1483 583 1522 n
608 1463 683 1525 Vide
698 1462 754 1525 alia
768 1461 905 1543 ejusdem
923 1463 1060 1540 Constit,
1075 1466 1167 1546 apud

185 1551 322 1631 lenm.
338 1550 376 1614 de
389 1552 445 1630 hh,
459 1570 490 1634 p.
507 1555 577 1632 30l,
592 1558 666 1614 tom.
683 1556 713 1614 2.

599 1725 680 1789 hill.
704 1725 751 1789 lll.

322 1866 359 1912 nn
379 1865 499 1910 scaonis
519 1865 549 1909 m
572 1865 699 1910 ananan
720 1863 812 1911 aaron
832 1865 1015 1912 ruvanrurrs.

227 2011 315 2070 altr.
335 2027 351 2066 a
364 2005 521 2087 Religiosae
529 2005 692 2083 juventutis
701 2005 850 2078 educatio,
863 2005 962 2088 inquit
971 2012 1160 2088 postremum

187 2118 203 2157 a
228 2094 395 2158 Concilium
410 2095 612 2176 Lugdunense
626 2095 753 2174 (decret.
772 2099 822 2162 at.
839 2107 872 2156 n⁰
888 2099 926 2176 l),
942 2095 979 2158 ad
995 2097 1160 2160 Ecclesiam

188 2207 203 2244 a
227 2191 329 2266 utpote
343 2184 575 2247 christianorum
591 2186 716 2246 hlahem
735 2191 765 2246 et
778 2185 961 2266 Magistrum,
977 2203 1014 2247 ex
1028 2185 1093 2268 ipsa
1106 2187 1161 2250 Dei

188 2297 204 2334 a
228 2275 439 2338 constitutione
458 2281 586 2356 spectat,
611 2279 641 2336 et
658 2274 758 2336 omnis
778 2293 886 2346 sexus,
909 2275 1010 2337 omnis
1022 2282 1111 2348 aetas,
1129 2277 1161 2340 in

189 2388 203 2424 a
228 2363 274 2425 his
296 2363 401 2426 Christi
422 2365 519 2427 verbis
544 2385 552 2425 :
574 2363 679 2427 cocere
697 2383 791 2426 omnes
808 2371 944 2446 gentes...
964 2367 1007 2442 (S.
1030 2364 1159 2442 Malth,

189 2477 204 2512 n
228 2472 256 2516 c.
272 2457 321 2524 28,
337 2473 365 2516 v.
391 2455 450 2531 le),
475 2453 514 2516 ita
532 2452 709 2531 includitur,
731 2459 782 2530 ut,
799 2453 920 2515 nonnisi
934 2453 1116 2516 conculcatis
1130 2461 1160 2516 el

189 2566 204 2603 a
229 2549 382 2625 pastorum
390 2549 420 2606 et
427 2542 607 2606 familiarum
615 2541 956 2622 sacratissimisjuribus,
969 2544 1061 2606 asseri
1070 2550 1161 2624 queat

189 2655 203 2694 n
229 2633 356 2696 docendi
371 2652 406 2696 ca
417 2633 519 2696 omnia
533 2650 601 2714 quae
615 2631 651 2693 ad
667 2630 857 2713 disciplinam
871 2630 1065 2694 christianam
1086 2651 1160 2696 con-

189 2745 204 2780 »
231 2722 343 2800 ferunt,
360 2729 388 2785 et
403 2721 470 2784 ideo
483 2723 621 2785 omnium
644 2719 850 2782 doctrinarum
864 2721 1043 2802 magisteriis
1058 2721 1160 2802 invigi-

190 2834 204 2868 η
230 2811 311 2874 landi
325 2859 332 2889 ,
348 2819 526 2893 potestatem
547 2810 688 2873 Ecclesiae
706 2815 879 2891 competere
899 2827 936 2872 ex
951 2815 1034 2873 mera
1049 2813 1159 2873 consti·

190 2924 205 2958 a
232 2903 344 2962 tutione
359 2900 501 2962 humana.
517 2923 533 2958 r>

231 2991 295 3051 Hoc
309 2988 448 3050 Ecclesiae
458 2991 509 3068 jus
522 2988 690 3051 declaratur
703 2987 735 3050 in
749 3006 815 3069 cap.
834 2988 987 3064 (inanium,
1002 2988 1037 3051 de
1047 2990 1154 3070 diopis-

193 3081 249 3140 trls
263 3097 275 3140 .·
298 3099 313 3137 c
332 3077 496 3154 Quoniam,
521 3078 638 3160 inquit,
654 3075 786 3140 Ecclesia
801 3077 874 3154 bei,
890 3078 967 3141 sicut
983 3079 1032 3160 pia
1047 3089 1159 3157 mater,

193 3192 208 3230 n
230 3167 387 3250 providere
406 3173 525 3229 tenetur
546 3185 584 3230 ne
606 3166 787 3248 pauperibus
805 3167 857 3248 qui
879 3174 1039 3248 parentum
1053 3167 1160 3249 opibus

193 3279 208 3317 n
228 3257 322 3336 juvari
339 3275 400 3318 non
414 3262 554 3338 possunt,
579 3255 696 3336 legendi
711 3261 742 3318 ct
761 3255 937 3338 proficiendi
955 3257 1161 3338 opportunitas

192 3344 442 3420 asportabatur,
470 3363 524 3426 per
550 3361 797 3428 unamquamque
828 3343 1029 3407 cathedralem
1060 3345 1160 3408 Eccle-

194 3455 208 3492 ι)
233 3433 319 3511 siam,
335 3435 496 3514 Magistro,
512 3433 564 3515 qui
584 3433 709 3495 elericos
729 3432 864 3513 eiusdem
882 3439 912 3495 et
924 3433 1075 3496 scholares
1090 3451 1158 3516 pau·

195 3544 209 3581 n
233 3539 320 3669 peres
332 3524 423 3600 gratis
435 3520 560 3598 doceat,
577 3529 750 3599 competens
763 3519 886 3594 aliquod
898 3520 1077 3584 beneficium
1094 3539 1160 3587 tan·

196 3632 209 3667 a
246 3618 386 3670 eratum
