2528 3996
463 263 550 312 amna
570 267 688 313 rullius.
1005 253 1064 316 593

94 363 202 446 larium
215 363 316 446 quoad
329 368 396 426 vota
416 361 605 424 subdilomm
620 369 688 444 post
700 362 919 445 professionem
933 367 1067 429 emissa‘l
1082 444 1085 454 Δ

133 454 178 516 De
204 452 261 516 hllc
293 452 460 534 quastione
485 451 553 513 vids
575 451 654 514 diota
673 471 763 536 supra
789 473 881 538 super
899 454 1064 520 irritatione

93 549 232 606 votorum
247 542 451 622 (alasiam).

134 634 213 696 lllola
229 637 259 695 l⁰
275 634 397 714 insuper
411 629 492 712 qudd
505 630 585 696 liano
599 636 774 712 poleslalem
790 634 923 698 irritandi
938 635 1066 700 habeant

95 741 156 784 non
171 723 269 786 sollrm
284 719 428 803 Superior
440 720 588 802 generalis
611 719 663 782 sed
677 729 707 784 el
726 723 936 798 provincialis,
956 726 1018 788 imo
1037 733 1065 789 el

94 810 207 887 localis,
223 831 292 874 oum
307 809 407 893 aliqua
421 808 666 873 subordinatione
676 811 754 874 inler
763 831 806 875 se.
823 813 1010 877 probabilius
1022 823 1064 880 esl

95 901 184 962 eliam
195 901 275 964 illam
283 900 393 964 habere
404 900 482 982 ipsas
493 898 663 960 arbalissas
668 901 752 979 iuxta
760 903 893 966 Ferraria
900 906 939 984 lv·
950 903 1063 984 Votum,

96 997 151 1053 art.
168 995 199 1066 3,
216 993 250 1052 η0
266 993 323 1072 19).
340 989 415 1052 Vide
428 988 507 1051 diota
521 1006 611 1070 supra
625 991 736 1068 (2498).

135 1083 223 1143 3075.
235 1085 314 1148 -20
329 1079 434 1154 Quoad
447 1083 623 1160 potestatem
633 1077 824 1160 dispensandi
836 1128 845 1159 ‚
858 1079 940 1144 illam
954 1081 1063 1147 habenl

94 1171 246 1254 exempli,
269 1171 360 1234 eliam
377 1167 477 1251 quoad
495 1175 599 1231 volum
620 1168 795 1231 transeundi
815 1169 854 1232 ad
876 1171 1064 1254 Religionem

94 1261 288 1338 atrianorum
305 1279 365 1323 non
380 1259 490 1321 habent
502 1259 572 1320 vero
587 1276 647 1319 non
663 1259 794 1341 exempli
805 1259 874 1338 iure
887 1264 1063 1341 conmuni,

95 1351 163 1432 quia
178 1350 329 1413 ordinarie
342 1357 445 1412 careni
456 1347 674 1428 jurisdictione.

134 1441 292 1514 Quomodo
300 1441 586 1522 extinguanturvola
595 1455 648 1520 per
656 1436 872 1519 professionem
880 1439 1063 1524 religiosam,

95 1531 227 1594 diximus
237 1549 328 1613 supra
342 1531 545 1609 (arne-2713).

499 1739 578 1802 ΛΒΤ.
601 1737 659 1801 llll.

273 1895 312 1943 ull
331 1893 533 1940 assumamus
553 1892 664 1938 srawu
685 1891 881 1941 uurldrlaus.

136 2041 225 2105 3076.
248 2039 416 2102 Dicendum
430 2039 462 2100 1⁰
474 2037 512 2099 de
521 2035 704 2119 regularium
714 2035 922 2118 aposlasid32⁰
934 2035 973 2098 de
985 2037 1064 2116 eiso-

95 2135 176 2196 lione
196 2129 426 2212 religiosorum
450 2130 481 2190 3⁰
498 2127 537 2188 de
563 2125 708 2208 religiosis
733 2124 907 2188 solemniler
924 2125 1065 2207 professis
1103 2165 1107 2174 ·

96 2219 301 2285 oblinenlibus
326 2217 480 2280 lollullum
506 2215 697 2278 Pontificium
725 2214 756 2276 in
779 2215 889 2277 sarculo
916 2213 1062 2296 degendi3

96 2317 128 2375 4⁰
142 2311 180 2374 de
194 2308 380 2391 regularibus
391 2305 430 2370 ad
443 2306 532 2368 aliam
544 2305 734 2385 Religionem
748 2304 982 2367 transeuntibus.

552 2492 613 2574 51.

353 2620 395 2684 De
406 2619 589 2704 regularium
601 2619 756 2702 apostasia.

138 2783 228 2844 3077.
251 2777 405 2860 Aposlssia
426 2777 588 2860 ingonem
609 2782 654 2839 esi
675 2775 804 2840 desertio
826 2777 872 2840 vel
896 2797 1031 2846 recessus
1049 2786 1067 2847 a

99 2871 173 2944 Deo,
186 2870 216 2930 in
230 2867 331 2951 aliquo
340 2867 420 2930 bono
435 2867 466 2928 in
480 2885 542 2948 quo
552 2865 644 2929 homo
655 2866 811 2929 lenobalur
820 2885 1009 2950 perseuerare
1023 2873 1076 2938 sel'

98 2975 136 3020 ex
149 2967 298 3041 praecepio
312 2957 358 3020 rel
372 2975 409 3020 ex
422 2963 501 3019 voto.

139 3049 292 3130 Aposlasia
308 3055 353 3111 est
365 3047 411 3110 vel
425 3047 443 3109 ἀ
457 3043 534 3130 fide,
548 3045 593 3108 vel
613 3045 870 3125 aluminosum,
884 3048 931 3112 uel
945 3049 964 3113 d
980 3051 1066 3114 Reli-

98 3137 197 3220 qionu
210 3137 260 3201 hic
273 3140 392 3220 agimus
406 3136 504 3199 solum
514 3136 552 3199 de
565 3136 709 3220 opustusr'si
722 3135 906 3219 drell'qione,

136 3230 226 3291 3078.
243 3226 574 3310 Aposiasiaareligione
585 3223 968 3291 calumminosudiscessioa
984 3231 1067 3293 Roll-

95 3317 189 3400 yione.
205 3337 270 3380 cum
281 3317 380 3379 animo
393 3337 449 3378 non
458 3315 587 3399 amplius
602 3315 741 3378 redeundi
752 3315 794 3378 ud
804 3317 939 3399 reyulare
948 3318 1067 3383 Imittu-

97 3415 178 3477 lum,
196 3408 381 3470 stellabitur
395 3405 558 3488 Relr'yiouls
570 3405 747 3469 detineatur.

135 3497 310 3580 Dispulalur
327 3517 366 3560 an
384 3503 518 3580 apostata
537 3503 615 3560 essai
630 3495 776 3560 dicendus
794 3496 846 3580 qui
865 3499 930 3562 sino
947 3499 1067 3567 licentia

94 3586 297 3650 discederetis
319 3591 371 3651 sua
397 3587 550 3666 Religione
571 3585 609 3650 ad
633 3585 722 3648 aliam
746 3587 889 3650 laxiorem
913 3609 921 3650 :
941 3591 1068 3660 allirrnal

94 3679 208 3750 Suarez
219 3696 291 3744 cum
304 3678 388 3755 aliis;
405 3685 496 3768 negat
507 3678 578 3742 vend
593 3677 740 3750 Ferraria,
749 3685 780 3740 r⁰
792 3679 947 3760 Apatna.
