2486 3984
417 311 504 358 uram
523 309 642 357 rnrnus.
966 291 1022 355 ¹03

96 433 110 470 a
132 416 163 474 2·
177 411 224 472 An
239 410 373 474 assistere
387 409 585 473 matrimoniis
599 407 729 470 militum
744 406 962 486 cujuscumque
972 425 1023 468 na-

62 523 74 560 ι
97 500 181 562 tionis
194 499 365 580 degentium
379 499 411 562 in
426 498 589 581 praesidiis,
604 514 675 560 cum
690 494 869 556 militaribus
883 492 1020 573 leminis,

62 611 74 646 o
97 589 158 650 sine
175 589 253 650 dieta
264 587 402 650 facultate
416 586 587 669 Apostolictt
601 591 632 647 et
646 582 827 666 praecedenti
847 580 1023 662 probatione

62 701 74 734 a
97 675 176 738 liberi
190 679 284 740 statiis
293 679 419 759 ejusque
433 674 639 758 recognitione
651 690 755 736 coram
769 669 928 732 Ordinario
942 669 1022 750 loci,

61 789 74 822 n
96 773 124 827 et
132 766 250 828 licentia
263 765 388 848 parochi
399 765 455 827 sub
464 766 550 842 cujus
563 761 704 845 parochitt
713 758 879 822 maneant?

96 877 110 914 a
133 857 163 918 3⁰
180 857 226 916 lla
241 855 323 918 idem
336 873 407 917 cum
419 853 563 916 militibus
572 849 751 933 degentibus
764 849 797 910 iu
807 847 911 910 castris
923 852 953 912 et
966 853 1024 911 sta-

64 965 77 1002 r
97 943 222 1006 tionibus
235 943 380 1025 hybernis
388 942 434 1006 vel
448 941 580 1004 aestivis?

98 1053 111 1088 s
132 1032 305 1094 bdnidem
313 1050 383 1095 cum
391 1031 536 1093 militibus
545 1026 693 1090 inactuali
706 1025 891 1110 expeditione
896 1026 1023 1110 positis?

98 1143 111 1178 a
132 1123 163 1183 a·
177 1125 223 1182 Aa
238 1120 321 1184 idem
335 1139 408 1184 cum
421 1119 567 1182 militibus
581 1118 696 1181 nubere
709 1115 878 1178 volentibus
891 1135 960 1178 cunr
977 1116 1022 1178 ie-

64 1230 77 1266 a
98 1209 257 1272 minianen
271 1209 462 1281 militaribus,
472 1207 524 1270 sed
534 1207 624 1283 ltalia,
636 1205 806 1286 originariis
818 1205 875 1267 loci
885 1225 938 1268 seu
947 1205 1022 1268 dioe·

64 1317 77 1355 r
97 1299 168 1362 cesis
181 1299 211 1361 iu
225 1301 288 1380 qut
302 1297 546 1380 reperiunturta

97 1388 203 1450 Eadem
213 1388 328 1451 decisio
341 1386 398 1450 tuit
410 1387 533 1468 repetita
546 1388 585 1448 98
596 1383 673 1464 junii
689 1387 777 1445 l'ltll.
789 1383 865 1446 Vide
879 1385 1021 1465 Ferraris,

65 1485 91 1536 t*
102 1472 273 1559 Capelianus
285 1476 434 1552 militnm,
450 1487 483 1536 ῐιο
494 1477 592 1538 ll.-—
602 1475 644 1534 Ex
659 1472 705 1534 his
718 1472 825 1534 deduci
840 1473 929 1535 debet
942 1476 1022 1556 qudd

64 1565 201 1646 Capeliani
215 1567 349 1629 militurn
367 1566 399 1627 in
411 1563 558 1646 praesidiis
572 1563 594 1623 si
600 1567 631 1622 nt
645 1561 831 1642 approbandi
848 1561 886 1622 ab
896 1563 1022 1626 Ordina-

63 1653 109 1714 riis
121 1653 266 1732 locorum,
279 1654 338 1716 nisi
353 1653 506 1715 facultates
520 1650 663 1732 speciales
673 1651 729 1711 iS.
742 1648 819 1710 Sede
828 1648 1022 1714 obtinuerint.

100 1747 183 1806 tota.
205 1745 323 1807 Dicitur
341 1749 442 1805 tamen
460 1741 492 1802 in
513 1739 663 1803 Anateetis
676 1738 761 1819 jnn's
780 1737 932 1820 pontificii
945 1741 1023 1820 tjan-

65 1829 118 1891 vier
143 1835 230 1911 1856,
260 1831 320 1896 col.
349 1831 459 1912 leuat:
493 1851 508 1889 a
533 1831 574 1891 La
602 1830 709 1890 Saere'e
737 1827 957 1909 congregation
983 1830 1024 1894 du

64 1941 77 1974 n
100 1921 252 1984 tonsile...
286 1919 430 1984 decide...
463 1917 552 2000 qa’ils
578 1917 632 1996 (les
658 1915 824 1998 cbopeiains
850 1917 1023 2003 militaircs)

64 2029 76 2064 a
99 2009 221 2072 seraieut
243 2011 352 2071 censis
372 2009 517 2070 autorises
540 2025 616 2088 pour
638 2005 682 2068 les
704 2012 886 2068 sacrements
905 2009 1023 2089 quales

63 2117 76 2152 n
97 2097 214 2180 simplas
227 2099 319 2160 aures
336 2104 465 2179 peuvent
478 2095 722 2172 administrer...‚
737 2113 814 2176 pour
830 2094 858 2156 le
871 2104 970 2178 temps
983 2101 1022 2160 air

64 2207 76 2238 r
98 2184 214 2250 l'arme'e
227 2194 274 2250 est
292 2185 367 2248 dans
381 2203 442 2247 une
455 2183 625 2266 expedition
643 2182 786 2260 calbello,
802 2189 831 2245 et
846 2202 906 2246 nou
922 2188 1024 2266 quand

66 2295 76 2330 a
98 2273 136 2336 les
148 2274 466 2358 troupesstationnent
476 2273 551 2334 dans
565 2273 607 2334 les
619 2273 786 2352 garnisons.
800 2273 842 2333 De
855 2281 932 2336 cette
946 2275 1024 2338 deci-

65 2381 76 2416 o
98 2364 159 2424 sien
168 2383 229 2446 que
244 2364 304 2446 prit
317 2381 377 2425 aue
391 2361 604 2443 congregation
619 2361 746 2442 spe'eiale
756 2360 793 2422 de
808 2369 912 2441 quatre
926 2365 1025 2428 Cardi-

65 2472 77 2506 r
99 2469 272 2530 anomaeus
285 2452 315 2513 la
327 2451 394 2513 date
404 2451 446 2512 du
461 2454 498 2514 10
509 2450 644 2530 inilletet
657 2449 698 2511 du
708 2453 748 2511 99
758 2451 920 2514 novembre
935 2457 1023 2533 lttth,

66 2561 77 2592 a
99 2539 117 2599 il
131 2542 241 2604 results
263 2558 323 2622 quc
350 2539 393 2602 les
415 2539 588 2602 aumoniers
609 2539 749 2600 assistent
766 2537 941 2601 vatidanent
965 2564 1025 2604 ana

68 2647 79 2686 i
99 2630 238 2712 moringas
262 2627 429 2711 madent...
454 2625 494 2689 les
518 2625 699 2709 expeditione
720 2626 900 2696 militumr:
929 2631 1023 2709 anais,

69 2735 78 2770 a
99 2715 169 2780 daos
182 2719 226 2781 les
240 2717 419 2800 garnisous,
434 2715 454 2778 il
468 2715 531 2778 faut
544 2716 573 2778 la
587 2713 767 2798 pernrission
782 2713 819 2775 de
834 2713 1023 2799 l’Ordinaire‚

68 2824 79 2860 r
101 2811 128 2867 et
140 2803 166 2869 le
181 2807 315 2888 mariage
328 2812 373 2868 est
386 2805 438 2868 nal
453 2823 522 2868 sans
535 2804 614 2878 cela,
631 2801 700 2864 saul
712 2803 755 2864 les
768 2801 882 2864 ludults
896 2807 1025 2886 particu-

68 2915 79 2946 r
99 2895 163 2958 liers
176 2915 237 2978 que
246 2895 275 2958 le
290 2893 408 2957 Pontile
421 2895 548 2956 Romaiu
563 2899 608 2955 est
621 2891 695 2954 libre
709 2891 893 2955 d'aceorder.
915 2917 931 2956 n

100 2983 167 3048 Hac
188 2993 292 3048 autem
318 2983 491 3060 conclusio,
515 2981 617 3064 quoad
639 2981 830 3044 matrimonia
854 2982 886 3042 in
914 2989 1027 3050 actuali

67 3071 239 3152 expeditione
261 3079 426 3148 contracta,
452 3071 591 3152 expresse
617 3069 794 3132 contradicit
823 3070 1026 3140 decisionibus

68 3175 149 3240 supra
161 3162 335 3224 memoratis
344 3165 362 3224 6
372 3159 470 3222 martii
481 3164 557 3222 tout
567 3167 596 3221 et
609 3159 731 3238 28junii
744 3164 832 3236 1704,
844 3162 862 3222 9
872 3163 1024 3228 lteitlenst.

68 3247 124 3322 (lili.
138 3255 169 3326 tl,
183 3252 228 3312 tit.
244 3253 283 3324 3,
299 3261 333 3311 ηο
346 3253 405 3327 99,
419 3249 494 3328 ete.)
508 3257 539 3310 et
560 3250 578 3310 a
600 3249 715 3310 Ferrari
729 3249 848 3326 relatis,
865 3250 896 3311 in
917 3252 1026 3332 quibus

69 3333 178 3414 dieitur,
193 3339 230 3401 ad
244 3341 314 3416 lv·‚
330 3357 391 3400 non
405 3355 493 3420 posse
507 3337 683 3419 Capelianos
695 3338 844 3414 militum,
859 3340 923 3400 sini
938 3341 1026 3404 ticen-

72 3425 106 3486 tid
117 3427 248 3508 parcelli,
268 3429 401 3490 assistam
413 3427 610 3488 matrimoniis
622 3426 754 3488 militnm
769 3428 802 3487 in
815 3428 929 3488 actuali
941 3449 1026 3511 cepe-

73 3513 138 3576 ticna
160 3517 330 3597 positorum.
346 3549 385 3562 —·
405 3519 563 3590 Attamen,
592 3516 624 3578 in
652 3515 782 3598 praelatis
808 3515 1026 3591 decisionibus,

72 3611 188 3680 possunt
209 3606 359 3686 Capeliani
380 3605 438 3668 alia
461 3614 648 3667 saeearnenta
670 3601 809 3665 conicere
831 3603 976 3664 militibus
997 3603 1029 3660 in

73 3693 173 3756 nauti·
181 3691 363 3775 expeditione
371 3697 489 3779 positia.
