2534 3996
491 269 576 319 claun
590 273 710 325 antuus.
1030 278 1089 332 ὅδὲ]

118 383 134 427 a
157 384 214 448 pro
226 368 404 432 eorumdem
420 369 721 456 tlrelriepiseoporum
736 383 765 439 at
778 379 994 463 Episcopomm
1009 385 1088 447 arbi·

118 476 133 513 a
157 457 214 519 trio
229 464 258 519 et
273 459 450 540 prudentia,
471 459 654 525 deliniantur
676 473 705 526 et
719 467 960 546 constituantur,
986 474 1088 538 relicta

119 566 134 604 a
157 549 257 608 tanien
269 565 374 611 eorum
390 551 618 614 successoribus
632 555 815 619 Statutorum
832 557 952 622 illorum
968 580 1087 644 respec-

119 655 134 694 a
158 635 284 700 tirorum
300 637 556 702 immutandorum
571 639 725 717 facultate,
742 646 885 726 requisito
905 649 988 730 prilrs
1001 653 1088 734 Capi·
1133 690 1137 706 ‹

120 747 134 782 a
158 725 289 789 talorum
310 729 455 804 consilio,
477 730 501 792 si
525 731 646 793 attentis
666 732 898 800 circumstantiis
919 739 947 800 id
969 740 1040 803 utile
1058 749 1088 804 ot

118 835 133 870 a
156 824 361 896 opportunum
381 818 591 898 judicaverint.
614 822 648 882 ln
677 821 750 903 ipsis
776 832 877 887 autem
898 828 1020 892 Statutis
1041 831 1087 893 rel

117 925 132 962 a
156 904 322 969 condendis
334 907 380 970 vel
395 909 601 985 immutandis,
617 910 755 992 religiosa
765 931 919 980 sacrorum
933 936 1086 982 canonum
1124 952 1127 958 ·

117 1015 132 1050 r>
155 992 343 1058 observantia
367 997 551 1075 retineatur,
565 1017 751 1082 ¹usuumque
773 1021 809 1066 ac
832 1007 1087 1072 consuetudinum

117 1104 132 1138 n
156 1080 349 1158 laudabilium
364 1093 452 1149 antea
468 1087 650 1169 vigentium,
674 1092 873 1172 praesentibus
886 1095 1085 1161 circumstan-

117 1193 131 1229 ι)
157 1171 203 1233 tiis
216 1177 510 1240 accommodatorum
525 1177 600 1240 ratio
614 1178 768 1243 halteatur.
785 1181 880 1254 Quam
897 1186 1020 1266 quidem
1035 1189 1087 1251 lia·

117 1282 131 1317 a
156 1261 318 1342 pitulorum
332 1267 514 1328 erectionem
528 1275 694 1350 caeteraque
708 1272 810 1334 omnia
824 1272 860 1335 ad
876 1272 938 1356 ipsa
953 1276 1087 1358 Capitula

117 1371 130 1408 n
156 1354 354 1433 pertinentia,
377 1355 486 1437 singuli
505 1357 725 1440 archiepiscopi
741 1369 771 1422 et
784 1361 923 1445 Episcopi
938 1367 1008 1427 clun
1025 1367 1085 1448 pri·

118 1442 241 1502 artritm
271 1443 465 1524 perfecerint,
497 1447 655 1508 erectionis
683 1447 854 1526 hujusmodi
885 1455 1085 1537 omniumque

116 1549 131 1586 a
155 1527 234 1593 hane
248 1531 277 1592 in
293 1551 357 1594 rem
378 1534 610 1597 constitutorum
624 1543 701 1612 acta,
716 1538 884 1602 authentica
900 1540 994 1604 lorrnt
1013 1563 1084 1608 exa-

115 1639 131 1676 a
155 1627 227 1692 rata,
244 1621 330 1684 nobis
344 1622 494 1685 reddenda
509 1633 626 1700 curent,
636 1633 668 1688 ut
682 1625 719 1687 ad
732 1627 896 1708 perlectam
907 1633 1085 1712 rlpustolica·

114 1729 130 1766 a
155 1711 1085 1785 rumLitterarumexseoutionemhuienostrollecratoinserere

112 1799 344 1877 opossimus.a

155 1889 248 1950 2425.
273 1897 315 1950 tux
329 1894 439 1970 quibus
454 1893 612 1956 manifeste
624 1901 703 1977 patet
717 1897 831 1978 primos
844 1906 909 1981 post
919 1903 1089 1968 concorda-

116 1985 182 2041 tum
195 1979 270 2040 {801
282 1978 432 2041 institutos
444 1982 608 2063 Episcopos
618 1987 768 2066 accepisse
784 1999 958 2068 potestatem
977 1995 1091 2058 Statute

116 2067 1088 2157 Capitulariacondendipr·iseis,inquanturnpoterat,conlor1nia;

115 2175 224 2220 corum
249 2176 320 2219 vero
347 2159 453 2219 saltem
474 2160 586 2240 primos
608 2181 796 2227 successores
810 2165 949 2231 habuisse
969 2173 1019 2250 jus
1042 2172 1091 2238 illa

116 2255 226 2310 statuta
238 2247 390 2327 mutandi,
402 2249 545 2330 requisito
557 2251 640 2332 prius
652 2253 777 2334 Capituli
791 2257 927 2336 consilio,
949 2277 1010 2322 non
1021 2263 1091 2326 vero

114 2355 262 2400 consensu.

160 2423 250 2480 2426.
275 2419 360 2480 Putat
385 2419 423 2480 D.
458 2415 553 2479 Bouix
581 2415 695 2498 primos
727 2415 871 2479 duntaxat
903 2434 1091 2483 successores

119 2509 339 2590 Episcoporum
355 2514 421 2590 post
442 2505 663 2577 Concordatum
679 2509 750 2568 leur
771 2506 972 2568 institutorum
989 2509 1091 2588 pradi-

118 2607 166 2660 tus
177 2597 268 2660 luisse
279 2598 433 2680 privilegio
442 2595 575 2658 mutandi
586 2595 948 2676 statutaltpraerlecessorc
958 2597 1089 2676 condita,

118 2706 192 2751 cunr
210 2689 274 2752 solo
288 2687 414 2750 consilio
429 2685 554 2767 Capituli
569 2694 598 2747 et
612 2684 677 2746 sine
691 2685 756 2762 ejus
770 2702 917 2746 consensu
931 2731 939 2760 ,
955 2688 1045 2748 etium
1061 2687 1091 2750 in

120 2775 157 2839 ils
176 2777 331 2858 inquibus
351 2777 468 2856 dejure
482 2775 636 2836 communi
658 2773 705 2834 ille
719 2791 886 2835 consensus
905 2773 1089 2855 requiritur:

118 2884 207 2942 nam,
224 2867 335 2948 inquit,
360 2866 417 2928 hoo
432 2863 620 2948 privilegium
634 2871 679 2924 est
692 2863 846 2944 derogatio
861 2863 921 2942 juri
935 2867 1092 2931 communi

121 2955 199 3018 iacta
221 2957 326 3038 :atqui
348 2956 449 3018 onmis'
469 2951 622 3034 derogatio
645 2951 719 3014 lacta
736 2953 797 3032 juri
813 2953 967 3016 communi
991 2957 1091 3021 stricte

117 3054 164 3110 est
186 3045 409 3129 interpretanda
424 3065 432 3106 ι
448 3063 520 3126 ergo
535 3061 593 3104 vox
610 3041 825 3104 Successorr'llus
839 3042 1016 3106 adordinati
1034 3047 1087 3110 Le·

117 3136 329 3222 gatoadlrilrita
338 3144 381 3198 est
391 3136 492 3197 stricte
507 3131 739 3214 interpretanda,
755 3131 881 3214 proinde
896 3151 957 3195 non
971 3133 1009 3196 de
1023 3153 1081 3198 om·

115 3226 210 3288 nllrus
224 3225 453 3288 Successorilms
467 3225 497 3286 in
514 3229 713 3305 perpetuum,
728 3220 779 3284 sod
804 3221 842 3283 do
861 3223 1089 3288 Successorilrus

119 3319 237 3379 tantum
252 3315 452 3390 immediatis,
467 3319 557 3396 prout
568 3313 668 3374 resera
678 3311 776 3373 stricte
787 3310 850 3374 haee
864 3314 1089 3378 voxcomnrodd

118 3405 243 3488 intelligi
269 3413 375 3488 potest.
393 3403 477 3480 (Vide
494 3405 530 3465 ll.
547 3401 663 3477 Bouix,
683 3400 725 3462 De
743 3401 858 3483 Capta,
875 3420 905 3482 p.
920 3405 1003 3483 tlt.)

156 3497 248 3560 Juxta
270 3494 349 3557 hane
371 3493 571 3566 sententiam,
600 3489 733 3573 Capitula
755 3491 781 3553 ri
806 3491 982 3553 concordati
1008 3511 1089 3558 anno

119 3591 192 3655 tuot
212 3587 355 3660 instituta,
374 3584 434 3664 juri
449 3581 615 3658 communi,
630 3579 729 3662 quirad
746 3585 920 3660 potestatem
940 3582 1088 3648 statuendi

118 3687 147 3748 at
160 3675 298 3742 mutandi
311 3681 420 3739 statuta
433 3671 628 3754 capitularia,
643 3667 732 3734 hodie
745 3669 957 3751 subiiciuntur.

918 3769 990 3844 w?
