2550 3992
210 273 271 339 690
435 289 574 340 arnonus
593 291 697 340 rorrus
713 289 793 338 ruurs
813 287 961 340 osrorror.

212 411 299 484 1892,
317 427 347 491 p.
363 405 444 491 378),
460 407 602 491 sequitur
621 425 630 471 t
647 406 851 487 Superiorem
868 408 961 487 cuius
976 415 1024 472 est
1039 410 1192 490 denegare

212 503 259 566 rei
276 500 446 563 ennoedere
468 496 700 563 confessarium
717 493 1021 572 extraordinarium,
1038 517 1109 563 esse
1122 519 1190 563 eum

212 592 266 673 qui
282 589 390 652 domui
407 599 530 671 preest,
545 587 612 650 sire
635 589 682 650 vir
705 587 755 662 sit,
783 587 849 650 sire
871 586 1112 666 semina3bune
1125 607 1192 652 vero

213 681 310 743 teneri
328 679 475 761 precibus
494 677 612 741 subditi
635 693 758 758 semper
774 673 954 760 induigeas,
974 702 987 733 ι
1004 679 1058 740 sed
1076 679 1192 742 subditi

211 781 400 833 moneantur
410 787 471 832 non
483 766 846 848 posseextraordinarios
856 764 1067 829 confessarios
1077 781 1190 848 petere,

211 863 271 924 nisi
287 859 325 924 ad
338 859 367 922 id
381 859 550 940 adigantur
561 865 596 918 ut
612 856 748 938 propria
758 855 961 920 eonscientiae
973 859 1147 919 consuiant
1160 877 1190 930 ι;

210 951 340 1016 demum
361 951 444 1011 iuter
475 947 580 1029 piures
610 945 875 1009 extraordinarios
901 943 1118 1010 Confessarios
1157 945 1194 1008 ab

211 1039 375 1106 Ordinatio
398 1037 577 1118 deputatos,
602 1053 666 1098 non
691 1033 863 1115 superioris
887 1054 965 1113 esse,
990 1039 1045 1099 sed
1061 1037 1192 1110 subditi.

211 1145 305 1210 quem
321 1126 466 1188 maluerit
480 1123 608 1204 eligere.

250 1217 380 1292 Rursus,
404 1233 441 1277 ex
473 1213 535 1276 alia
565 1213 771 1296 responsione
802 1212 835 1277 d.
871 1219 903 1276 Ι·
923 1213 1089 1279 Februarii
1121 1215 1193 1279 {892

210 1305 310 1386 (ibid,
340 1322 371 1384 p.
398 1303 479 1384 6Π),
508 1305 632 1366 eruitur
661 1326 668 1363 z
697 1321 761 1365 non
791 1304 834 1365 ita
872 1315 977 1384 patere
1012 1304 1193 1370 {acuitatem

210 1393 402 1458 monialibus
411 1411 593 1456 eoncessum
604 1380 785 1455 recurrendi
799 1392 837 1454 ad
847 1391 1081 1457 Coni'essarium
1096 1408 1192 1460 extra·

209 1483 408 1549 ordinarium
420 1493 453 1545 ut
468 1500 634 1564 nunquam
653 1493 707 1544 aut
721 1481 785 1545 fere
800 1501 964 1564 nunquam
990 1485 1193 1549 ordinarium

210 1575 326 1636 adeant
350 1591 358 1652 ;
381 1571 646 1634 extraordinarios
672 1571 997 1650 verecundissimas,
1025 1576 1193 1657 siquando

210 1670 405 1743 cognoscunt
423 1679 550 1725 oausam
576 1660 616 1724 ad
636 1661 719 1741 ipsos
735 1662 925 1724 recurrendi
947 1682 1010 1726 non
1032 1683 1104 1728 esse
1126 1683 1193 1745 pro-

210 1753 360 1828 babilem,
383 1753 415 1815 in
433 1750 622 1815 conscientia
642 1751 740 1812 teneri
764 1749 802 1813 ad
827 1750 1057 1816 declinandum
1082 1771 1190 1816 earum

211 1843 429 1918 auditionem3
467 1839 621 1903 abusibus
648 1849 753 1902 autem
793 1842 1027 1906 oecurrendum
1056 1861 1125 1906 essa
1154 1845 1191 1905 ab

210 1933 393 2006 Ordinariis‚
411 1931 466 2012 qui
482 1937 654 1992 «moneant
672 1929 825 1991 moniaies
838 1939 867 1992 et
885 1949 1008 1993 sorores
1023 1933 1190 2014 dequibus

210 2025 313 2096 agitur
328 2021 564 2100 dispositionem
587 2017 711 2082 articuli
729 2017 770 2080 lv
792 2019 911 2083 Decreti
936 2019 1190 2096 Quemadmodum

208 2112 426 2190 exceptionem
462 2119 585 2171 tantum
618 2109 675 2188 tegi
704 2109 867 2171 communi
905 2111 1103 2172 coristituere
1137 2128 1190 2192 pro

209 2199 334 2261 casibus
349 2198 503 2260 duntaxat
520 2217 600 2260 verae
623 2209 654 2273 et
670 2197 822 2262 absolutae
838 2200 1049 2276 necessitatis,
1069 2201 1190 2280 quoties

209 2287 249 2348 ad
265 2287 297 2348 id
321 2287 502 2366 adigantur,
529 2287 620 2349 firmo
636 2297 818 2349 remanente
844 2291 928 2368 quod
950 2305 968 2349 a
992 2285 1024 2350 S.
1050 2287 1190 2351 Concilio

209 2373 392 2437 Tridentino
405 2385 435 2436 et
450 2394 466 2436 a
490 2373 722 2440 Constitutione
736 2374 767 2438 S.
792 2375 828 2438 tt.
855 2376 1016 2439 benedieti
1033 2376 1099 2441 xlv
1113 2377 1189 2440 inei·

209 2465 307 2548 pienti
324 2458 495 2528 Poatoraiit
510 2483 594 2528 aare
610 2466 826 2546 praesoriptum
843 2465 980 2528 babetur
1002 2489 1030 2529 ι.

571 2785 764 2850 arrarum
784 2789 821 2853 V.

196 2912 292 2993 ‘ernas
321 2945 465 2992 conannas
496 2937 613 2986 sonions
638 2939 737 2985 aurcos
764 2939 803 2984 rm
832 2941 1017 2990 rnruarmuu
1045 2943 1087 2989 ro
1112 2941 1189 2989 surr

405 3031 553 3082 rnrnnnra
573 3029 722 3074 sansonis
744 3031 994 3078 socuasnsmcrs.

196 3081 206 3172 i
616 3118 663 3181 (aa
678 3118 781 3185 prta.)

202 3195 208 3284 i
396 3235 569 3301 declaratio
579 3237 611 3301 S.
629 3236 664 3300 R.
677 3244 707 3302 et
724 3237 761 3302 U.
776 3235 999 3319 inquisitionis.

248 3353 283 3414 in
306 3354 534 3417 constitutione
556 3355 602 3416 Pii
626 3351 665 3416 IX
681 3373 706 3418 s.
725 3371 768 3416 nr.
787 3372 858 3434 quo
876 3355 989 3435 inoipit
1015 3355 1193 3435 apostatice

206 3437 291 3500 Sedis
306 3441 523 3505 moderationis
552 3461 581 3504 rr
599 3443 639 3504 id.
656 3453 718 3505 oet.
733 3443 810 3506 1869
821 3455 951 3506 eautum
963 3452 1021 3521 est,
1038 3465 1193 3510 «excom-

209 3545 225 3576 α
248 3529 496 3591 munioationem
525 3532 668 3594 Romano
692 3531 834 3594 Pontifici
848 3543 1041 3598 reserratam
1063 3537 1194 3616 speciali

212 3629 223 3660 ι
248 3611 342 3675 modo
371 3616 571 3680 incurrere...
592 3616 746 3698 cogentes
771 3621 837 3684 sire
861 3623 979 3688 directe
1012 3623 1078 3688 sire
1107 3626 1196 3690 indi·
