2522 4028
436 223 521 270 arara
543 221 661 268 narnus.
977 205 1036 273 215

58 326 211 389 desineret
229 343 294 387 esse
321 321 506 404 irregularis,
528 321 731 402 subsequente
751 321 963 405 matrimonio,
980 325 1037 390 atsi

59 415 198 478 nondum
212 420 432 477 consummato.
449 412 480 474 S.
496 411 634 491 Lignor.,
649 408 704 487 ib,
719 420 754 472 n·
764 414 833 473 113.

100 507 190 566 tarr.
214 503 388 585 Disputatur
410 507 512 562 utrum
534 499 752 580 legitimaretur
774 499 873 578 tilius,
888 501 913 564 si
936 503 1035 568 solum

58 599 196 675 tempore
223 592 289 671 ejus
316 589 477 652 nativitatis
500 606 626 670 capaces
652 594 739 650 erant
771 597 909 671 parentes
934 595 1038 657 matri·

58 683 200 745 monium
214 681 292 742 inter
304 699 338 743 se
351 677 560 742 contrahendi.
570 711 601 724 -
613 678 645 740 S.
661 676 783 758 liguor.
794 678 858 758 (tib.
873 684 904 758 1,
920 693 954 743 n⁰
966 686 1036 764 ma)

58 771 145 834 valde
159 769 347 854 probabilem
360 775 446 830 vocat
458 766 637 830 sententiam
652 766 851 830 affirmantem
864 787 872 832 :
883 771 954 851 quia
967 791 1034 854 cap.

64 860 158 922 Tanto
172 864 211 938 6,
224 859 278 942 qni
287 857 351 940 filii
366 857 427 919 siat
446 855 592 937 legitimi,
607 851 724 918 videtur
737 854 818 938 loqui
833 855 872 920 de
886 859 1037 924 nativitate

58 948 134 1011 dum
148 950 205 1027 ait,
218 947 256 1009 od
269 945 441 1010 haereditate
454 942 661 1026 repellendum.
677 947 715 1005 lit
725 944 796 1025 quia
809 965 858 1010 res
875 954 920 1010 est
930 948 1036 1014 saitem

58 1037 172 1116 dubia,
187 1037 314 1120 proinde
341 1034 544 1117 irregularitas
565 1051 627 1095 non
645 1032 826 1098 sufficienter
839 1043 884 1098 est
896 1055 1037 1120 expressa

60 1145 118 1207 pro
132 1143 203 1190 casu
216 1124 418 1210 conceptionis.
435 1121 510 1185 Vide
525 1120 637 1184 Bened.
653 1125 719 1185 xlv
739 1123 781 1203 (in
795 1128 869 1188 tom.
886 1129 916 1202 t,
930 1125 1035 1188 Batta-

59 1215 116 1291 rii,
131 1219 211 1295 213).
227 1215 396 1279 Concilium
410 1215 559 1276 [tamense
573 1210 646 1274 anni
661 1215 738 1276 1851
755 1211 884 1278 adheret
893 1219 1030 1302 opinioni

59 1305 93 1366 S.
104 1304 249 1384 Liguorii.
959 1306 967 1318 '

102 1397 191 1457 1815.
207 1393 274 1456 Filii
288 1393 349 1456 nati
368 1413 405 1457 ex
419 1391 620 1464 matrimonio,
637 1392 721 1454 irrito
734 1391 858 1474 quidem
870 1392 912 1456 ob
932 1397 1033 1458 occul·

60 1489 126 1544 tum
140 1481 404 1564 impedimentum,
416 1481 469 1544 sed
478 1480 628 1544 bonafide
640 1480 806 1544 existimato
819 1481 917 1546 valido
930 1484 1035 1549 saltem

61 1571 100 1636 ab
113 1590 176 1635 unc
189 1589 226 1634 ex
240 1569 499 1647 contrahentibus,
513 1575 660 1651 tanquam
674 1568 808 1650 legitimi,
820 1571 906 1649 iuxta
918 1581 1037 1635 senten·

60 1661 133 1724 tiam
147 1677 345 1724 communem
359 1658 461 1721 baberi
475 1657 605 1736 debent,
619 1676 656 1721 ex
669 1675 736 1742 oap.
753 1656 828 1720 cam
841 1658 920 1721 inter
932 1665 969 1735 1,
984 1663 1037 1742 qut

59 1751 124 1833 filii
141 1751 204 1812 sint
219 1749 319 1832 legit:
333 1748 425 1811 modo
438 1753 539 1810 tamen
552 1747 637 1810 lactea
649 1746 761 1810 luerint
776 1745 1034 1828 denuntiationes,

61 1845 115 1904 aut
127 1839 233 1903 saltam
255 1839 287 1900 in
310 1839 354 1901 eis
367 1837 574 1920 dispensatum
588 1836 678 1900 fuerit
699 1843 728 1900 et
744 1855 847 1900 coram
861 1838 993 1921 parocho
1006 1847 1036 1904 et

60 1929 187 1992 testibus
200 1928 352 2009 requisitis
365 1926 548 1990 celebratum
562 1923 670 1989 tuerit:
684 1925 741 1988 boe
755 1925 856 1989 locum
872 1945 932 2014 non
947 1927 1036 1992 habet

59 2015 185 2100 quando
202 2017 293 2080 ambo
308 2015 535 2094 contrahentes,
554 2021 690 2096 tempore
710 2015 917 2079 celebrationis
931 2021 1035 2081 matri·

60 2107 171 2183 monii,
185 2112 273 2170 erant
287 2106 316 2168 in
331 2105 412 2168 mala
422 2103 491 2166 fide.
504 2105 576 2187 Cap.
594 2102 667 2168 Ciam
683 2102 824 2166 inhibitio
836 2105 893 2186 3,§
906 2106 944 2169 Si
955 2107 1033 2189 quis,

59 2195 95 2258 de
108 2195 207 2258 elmrd.
221 2195 352 2278 despons.
368 2196 411 2273 (S.
428 2195 562 2275 Liguor.‚
578 2192 630 2254 lib.
643 2198 674 2270 1,
691 2193 824 2273 111111.)

103 2288 191 2350 1816.
218 2283 367 2365 illegitimi
393 2283 484 2345 eliam
503 2287 679 2362 reputantur
705 2288 735 2344 et
761 2281 939 2364 irregulares
965 2293 1036 2348 sunt

61 2373 206 2443 habendi.
221 2373 273 2456 qui
283 2371 414 2453 suscepti
425 2377 497 2433 sunt
505 2389 541 2433 ex
551 2370 745 2433 matrimonio
755 2370 889 2454 legitimo
898 2373 1033 2454 quidem,

60 2463 114 2527 scd
129 2481 215 2546 cujus
228 2480 302 2525 usus
315 2461 435 2523 illicitus
448 2461 539 2522 evasit
552 2477 606 2542 per
619 2460 754 2522 solemne
764 2469 866 2524 votnm
880 2464 1034 2543 castitatis,

60 2553 124 2616 sive
148 2554 179 2613 in
193 2551 308 2614 ordinis
322 2550 397 2614 sacri
421 2549 628 2630 susceptione,
644 2550 705 2611 sive
719 2549 751 2610 in
765 2549 950 2630 professione
964 2552 1035 2615 reli-

61 2641 148 2722 giosa
166 2639 299 2722 legitime
312 2639 476 2714 emissum;
494 2655 532 2700 aa
549 2655 616 2719 cap.
638 2641 686 2715 11,
708 2635 742 2699 de
761 2637 837 2719 filiis
850 2639 1035 2722 presbyterc-

60 2750 141 2792 rurn.
158 2728 234 2792 Vide
248 2727 352 2802 Callet,
363 2745 412 2809 ap.
431 2726 518 2792 Cura.
534 2724 683 2808 complet„
698 2731 773 2788 tom.
790 2727 907 2805 t't‚eol.
918 2731 991 2806 2163
1006 2733 1036 2792 et

60 2816 209 2900 theolog.
224 2817 377 2887 Tolosam,
390 2835 457 2897 cap.
473 2819 504 2892 2,
519 2821 575 2878 art.
592 2819 621 2887 1,
638 2834 670 2897 q.
687 2818 716 2876 1.

103 2909 275 2971 11111.-·1ο
288 2909 345 2968 Per
356 2904 565 2987 professionem
578 2903 747 2986 religiosum
755 2903 919 2983 solemnem,
929 2911 962 2969 ut
976 2907 1035 2971 aol-

61 2997 165 3077 ngitur
174 3014 211 3059 ex
221 3013 289 3077 cap.
301 2997 330 3069 t,
345 2993 381 3055 de
393 2993 468 3076 filiis
474 2993 595 3076 presby.
607 2991 666 3056 Sed
675 2993 891 3057 advertendum
901 2995 1033 3077 estquod

62 3083 269 3166 irregularitas
288 3080 386 3167 quood
406 3080 519 3145 ordiner
535 3083 654 3144 tantum
671 3082 791 3146 tollatur
811 3083 844 3146 in
864 3083 922 3147 hoc
940 3103 1032 3160 casu,

62 3191 124 3236 non
137 3173 207 3236 verb
217 3171 318 3254 quoad
330 3169 499 3254 dignitates,
510 3172 600 3234 etiam
615 3171 645 3234 in
659 3172 826 3256 Religione.
840 3191 869 3236 r.
882 3192 926 3255 g.,
939 3173 1036 3237 abbe·

61 3265 129 3340 tias,
145 3261 308 3334 Prioratus,
323 3268 380 3324 etc.
400 3263 443 3324 lta
456 3279 493 3324 ex
507 3260 591 3324 Bulla
607 3264 730 3344 Gregor.
746 3263 822 3326 11111.
838 3263 881 3342 (S.
897 3261 1034 3344 Liguor„

62 3350 113 3414 lib.
129 3357 160 3420 1.
179 3363 213 3414 n·
221 3353 306 3427 116.)
319 3349 434 3412 -Vide
443 3349 522 3414 dieta
536 3369 626 3433 supra
640 3353 748 3432 (tritt

103 3441 179 3503 Aliae
201 3439 435 3522 irregularitates
462 3457 523 3502 ncn
543 3440 719 3504 auferuntur
744 3459 799 3523 per
818 3440 1034 3526 professionem

63 3529 237 3616 religiosam
256 3527 416 3608 (Ferraria,
438 3538 470 3590 r·
492 3530 641 3613 Proseesic
658 3529 825 3614 reputaris,
840 3539 875 3593 n·
889 3535 968 3610 101);
984 3533 1035 3594 sed

65 3627 151 3701 prout
173 3617 308 3682 diximus
326 3635 419 3700 supra
440 3617 539 3697 (1772,
562 3621 670 3698 trra),
686 3619 802 3681 Praelati
825 3618 978 3699 regulares
999 3637 1033 3679 er
