2522 3996
452 272 539 322 mnan
559 273 678 321 rursus.
1013 257 1053 320 55

78 394 90 428 i
115 372 311 456 Collegialem
325 375 355 438 S.
371 375 473 437 Mariae
485 373 691 455 Magdalcnae,
712 374 803 454 liujus
822 371 955 437 ecclenee
978 391 1051 448 crux

76 483 88 518 n
113 469 157 524 est
170 462 335 533 elevanda,
350 467 466 527 etiamsi
481 463 641 526 defunctus
660 464 697 526 ad
721 466 751 526 S.
770 463 871 524 Hilarii
889 463 1050 544 pamniam

75 573 89 608 a
113 553 296 632 pertineret:
312 560 342 616 et
354 553 483 616 vicissim
497 553 595 615 crucis
609 553 734 616 elevatio
748 552 890 633 competit
905 552 941 613 ad
956 571 1052 632 paros

75 662 87 696 a
112 639 187 703 ciam
202 643 234 704 S.
252 642 381 721 Hilarii,
396 643 420 706 si
436 643 596 706 defunctus
617 642 648 704 in
667 642 724 705 libe
744 641 872 704 ecclesie
891 641 929 704 sit
951 647 1052 702 tumu-

75 751 87 784 0
112 727 233 801 landus.
251 733 391 814 quemvis
411 731 450 795 de
464 732 592 814 paroecitt
608 731 776 813 Collegialae
795 736 891 807 esset3
910 747 980 792 cum
994 728 1051 790 sub

75 839 88 872 r
112 823 303 884 enatantem
316 840 406 885 cruce
426 819 559 883 ecclesiae
574 821 750 883 temulentis
764 821 795 882 in
811 819 970 882 funeribus
984 835 1051 880 esso

77 929 89 963 n
112 909 340 989 procedendum
359 910 645 994 pluriesdecreverit
657 911 689 972 S.
704 911 738 972 e.
754 909 963 990 congregatio.
981 929 996 966 n

113 1001 250 1062 Attamen
265 1002 292 1062 si
307 999 498 1063 interveniret
511 1000 682 1081 Capitulum
697 999 878 1062 Cathedralis
891 1003 943 1060 aut
957 998 1047 1061 etiam

78 1085 261 1168 Collegiatae,
278 1090 415 1152 nonalia
436 1108 510 1152 crux
532 1095 610 1151 esset
632 1087 900 1170 deserendaquam
921 1087 1046 1168 Capituli

78 1177 116 1235 rel
130 1177 362 1258 110110ςὶ0100-
377 1178 466 1261 Apud
480 1177 661 1250 Gardellini,
675 1176 717 1239 nl·
731 1181 820 1254 teat,
835 1181 916 1240 4130
924 1185 954 1238 01
969 1180 1047 1239 1956

78 1263 155 1340 (Vide
169 1268 283 1344 Bouix,
301 1266 390 1345 itit,
405 1288 436 1350 p.
452 1270 533 1346 495).

115 1375 129 1411 a
159 1357 204 1416 An
232 1357 385 1438 plebanus
407 1357 516 1439 Oppidi
540 1357 680 1434 Pleraei,
704 1355 880 1421 associando
903 1355 1046 1420 cadavera

77 1445 285 1525 »sepelienda
307 1447 339 1508 in
362 1446 487 1509 ecclesia
508 1449 538 1509 S.
568 1448 719 1510 Francisci
747 1449 870 1510 Petrum
893 1447 1044 1508 Minorum

78 1553 91 1586 r
113 1533 379 1610 Conventualium,
400 1541 536 1597 tencatur
558 1536 697 1598 incedere
722 1536 779 1598 sub
799 1536 919 1598 illorum
938 1553 1043 1612 cruce,

78 1643 90 1677 r>
112 1640 161 1685 seu
175 1627 279 1706 potiirs
293 1625 386 1688 ualeat
400 1627 553 1707 propriam
568 1643 690 1687 crucem
704 1625 819 1686 elevare
837 1644 843 1683 :
860 1625 950 1686 Sacra
967 1627 1044 1684 Gon-

77 1731 90 1766 u
113 1715 241 1794 gregatio
265 1713 442 1796 respondit:
458 1713 644 1795 Affirmotiui
661 1712 698 1776 ad
717 1714 846 1795 primam
864 1720 979 1795 partem
993 1759 1000 1790 ,
1016 1719 1045 1775 et

76 1819 89 1854 a
112 1801 255 1882 *tepeant
277 1803 316 1865 ad
339 1803 543 1866 secundam.»
562 1838 600 1848 -
613 1805 647 1864 10
668 1802 835 1872 Camerino,
855 1806 891 1863 17
917 1808 1045 1883 septem·

78 1885 132 1950 bris
145 1895 230 1956 trau.
249 1927 290 1938 -
307 1893 399 1954 oNisi
418 1899 537 1970 tamen,
558 1892 656 1974 inquit
674 1893 807 1955 Ferraris
821 1893 861 1971 (0ο
876 1891 1042 1965 Porocdus,

76 1985 162 2040 ran.
191 1984 225 2056 3,
254 1990 290 2043 0ο
315 1985 386 2062 58),
410 1981 520 2043 alicubi
541 1987 603 2042 tam
626 1982 748 2062 parochi
771 1983 863 2062 quam
891 1983 1043 2063 regulares

77 2087 89 2120 r
112 2069 258 2150 erigerent
281 2072 434 2152 propriam
461 2087 583 2133 crucem
610 2089 646 2133 ex
666 2071 798 2152 legitime
812 2071 1040 2149 consuetudine,

76 2173 90 2210 n
111 2175 174 2236 quae
182 2166 229 2221 est
243 2159 401 2222 servanda.
417 2181 433 2219 a

112 2247 195 2310 1416.
222 2270 238 2307 a
263 2249 415 2312 nssociato
435 2249 540 2312 lunare
563 2255 601 2312 ad
624 2248 757 2312 eeclesiae
775 2254 892 2332 portam
907 2297 914 2326 ,
930 2247 1041 2314 debere

77 2353 89 2388 r
112 2336 290 2416 parochum,
306 2338 352 2400 rel
371 2338 456 2400 illun’¹
472 2357 508 2401 ex
529 2339 666 2421 Capitulo
680 2346 709 2402 et
731 2338 816 2402 Claro
835 2341 928 2420 penes
949 2359 1041 2420 quem

77 2441 90 2478 r
111 2425 277 2492 animarum
300 2446 382 2490 curae
401 2428 575 2491 exercitium
599 2429 711 2500 existit,
738 2428 776 2490 ad
798 2428 944 2511 populum
968 2447 1041 2491 con·

77 2529 90 2566 t
110 2521 238 2593 vertere,
255 2517 343 2598 eique
366 2517 552 2580 absolutione
567 2519 732 2599 impertiti,
758 2517 919 2588 recedere,
936 2519 1040 2582 relicto

77 2620 90 2656 s
110 2601 247 2669 cadavere
262 2606 294 2667 in
308 2606 435 2670 eeclesitt
448 2607 597 2671 dictorum
621 2607 804 2689 regularium
819 2606 857 2668 ad
870 2625 947 2688 quos
960 2607 1039 2670 dun-

77 2695 184 2754 »taxat
212 2695 377 2776 peragendi
410 2695 498 2758 0111011
529 2715 602 2759 cura
629 2696 798 2778 spectabit,
829 2716 844 2752 a
880 2694 1040 2760 declaravit

78 2776 156 2843 Sacra
177 2784 302 2846 ltituum
323 2785 521 2866 Gongrcgatio
544 2789 582 2849 23
606 2787 705 2848 martii
735 2787 830 2860 1619,
862 2784 941 2866 apud
966 2787 1038 2848 Gar-

78 2866 182 2950 dellini,
195 2882 230 2934 0ο
243 2877 315 2934 tea.
332 2909 370 2920 -
384 2874 459 2937 Vide
479 2875 537 2936 alia
551 2875 632 2956 apud
652 2875 762 2949 Bouix,
789 2873 885 2951 ibid,
908 2894 938 2956 p.
966 2881 1035 2940 4111.

77 2961 161 3022 -An
175 2967 276 3025 autem
294 2963 387 3044 possit
402 2964 551 3046 parochus
565 2964 707 3026 ccclesias
721 2964 905 3046 regularium
921 2967 1036 3046 ingredi

78 3059 139 3107 000]
151 3051 223 3112 stola
237 3057 268 3112 et
285 3050 344 3113 atta
357 3071 463 3126 eruca,
484 3052 543 3114 hoo
556 3052 673 3115 videtur
694 3055 825 3135 pendere
839 3056 857 3116 a
871 3063 1035 3118 0000001οι

77 3130 153 3211 dine,
167 3145 257 3220 prout
274 3139 381 3203 deduci
404 3147 501 3224 potest
523 3160 561 3204 ex
578 3141 730 3205 decisione
753 3145 851 3206 Sacrae
871 3145 1037 3225 Congrege-

78 3219 155 3286 tionis
173 3229 392 3311 Episcoporom
414 3237 444 3294 et
465 3231 659 3313 Regularium
687 3237 702 3296 1
730 3232 908 3315 septembris
936 3238 1034 3311 1854,

78 3309 158 3374 relata
177 3317 215 3377 ab
235 3317 407 3396 Aaeleetis,
430 3323 482 3383 35⁰
505 3322 570 3383 livr.
593 3322 650 3385 001.
664 3326 763 3396 2024,
785 3327 882 3385 0191.
905 3343 919 3380 a
934 3323 1036 3386 Stante

77 3416 91 3452 r
111 3405 320 3470 consuetudine
330 3407 572 3484 immemorabili,
588 3419 684 3492 potest
698 3411 860 3492 parochus,
877 3411 974 3473 invitis
989 3431 1035 3474 rc·

79 3492 274 3573 tgularibus,
303 3497 335 3557 in
362 3497 496 3580 ipsorum
523 3500 657 3562 ecclesiis
679 3519 751 3562 cum
770 3500 987 3581 superpelliceo
1006 3507 1035 3561 et

79 3593 91 3630 ι
110 3581 194 3660 stult,
209 3584 384 3666 simpliciter
397 3589 534 3650 assistere
548 3589 648 3650 allicio
664 3587 745 3669 quod
764 3589 801 3648 ab
822 3588 935 3647 eisdem
951 3606 1036 3663 regu-

81 3679 93 3718 1
111 3661 418 3754 1000000010,
437 3675 630 3740 cadaveribus
652 3675 865 3737 detunctorum
884 3671 1034 3752 praesenti·
