<?xml version="1.0" encoding="UTF-8"?>
<!DOCTYPE html PUBLIC "-//W3C//DTD XHTML 1.0 Transitional//EN"
    "http://www.w3.org/TR/xhtml1/DTD/xhtml1-transitional.dtd">
<html xmlns="http://www.w3.org/1999/xhtml" xml:lang="en" lang="en">
 <head>
  <title>
</title>
<meta http-equiv="Content-Type" content="text/html;charset=utf-8" />
  <meta name='ocr-system' content='tesseract 3.04.00' />
  <meta name='ocr-capabilities' content='ocr_page ocr_carea ocr_par ocr_line ocrx_word'/>
</head>
<body>
  <div class='ocr_page' id='page_1' title='image "./manualetotiusju01craigoog_0372.png"; bbox 0 0 2534 3996; ppageno 0'>
   <div class='ocr_carea' id='block_1_1' title="bbox 388 175 1048 242">
    <p class='ocr_par' dir='ltr' id='par_1_1' title="bbox 388 175 1048 242">
     <span class='ocr_line' id='line_1_1' title="bbox 388 175 1048 242; baseline -0.005 0"><span class='ocrx_word' id='word_1_1' title='bbox 388 227 395 242; x_wconf 92' lang='lat'>.</span> <span class='ocrx_word' id='word_1_2' title='bbox 454 189 541 236; x_wconf 81' lang='lat' dir='ltr'><strong>erran</strong></span> <span class='ocrx_word' id='word_1_3' title='bbox 561 189 680 236; x_wconf 74' lang='lat' dir='ltr'><strong>narnus.</strong></span> <span class='ocrx_word' id='word_1_4' title='bbox 989 175 1048 240; x_wconf 79' lang='lat' dir='ltr'><strong>aba</strong></span> 
     </span>
    </p>
   </div>
   <div class='ocr_carea' id='block_1_2' title="bbox 67 283 1057 3640">
    <p class='ocr_par' dir='ltr' id='par_1_2' title="bbox 78 283 1051 1162">
     <span class='ocr_line' id='line_1_2' title="bbox 80 283 1049 366; baseline 0.001 -18"><span class='ocrx_word' id='word_1_5' title='bbox 80 285 228 349; x_wconf 81' lang='lat' dir='ltr'><strong>rationem</strong></span> <span class='ocrx_word' id='word_1_6' title='bbox 257 284 456 349; x_wconf 72' lang='lat' dir='ltr'><strong>canonicatis</strong></span> <span class='ocrx_word' id='word_1_7' title='bbox 478 291 523 348; x_wconf 87' lang='lat' dir='ltr'><strong>est</strong></span> <span class='ocrx_word' id='word_1_8' title='bbox 549 283 774 366; x_wconf 88' lang='lat' dir='ltr'><strong>procedendum</strong></span> <span class='ocrx_word' id='word_1_9' title='bbox 797 288 865 365; x_wconf 86' lang='lat' dir='ltr'><strong>post</strong></span> <span class='ocrx_word' id='word_1_10' title='bbox 882 283 1049 349; x_wconf 74' lang='lat' dir='ltr'><strong>triennium</strong></span> 
     </span>
     <span class='ocr_line' id='line_1_3' title="bbox 78 373 1051 457; baseline 0.003 -21"><span class='ocrx_word' id='word_1_11' title='bbox 78 376 280 457; x_wconf 88' lang='lat' dir='ltr'><strong>completum;</strong></span> <span class='ocrx_word' id='word_1_12' title='bbox 297 381 327 437; x_wconf 89' lang='lat' dir='ltr'><strong>et</strong></span> <span class='ocrx_word' id='word_1_13' title='bbox 336 375 393 437; x_wconf 90' lang='lat' dir='ltr'><strong>hoe</strong></span> <span class='ocrx_word' id='word_1_14' title='bbox 404 373 527 456; x_wconf 91' lang='lat' dir='ltr'><strong>quidem</strong></span> <span class='ocrx_word' id='word_1_15' title='bbox 541 373 647 436; x_wconf 86' lang='lat' dir='ltr'>ordine</span> <span class='ocrx_word' id='word_1_16' title='bbox 659 393 666 434; x_wconf 92' lang='lat'>:</span> <span class='ocrx_word' id='word_1_17' title='bbox 679 373 829 454; x_wconf 81' lang='lat' dir='ltr'><strong>precedat</strong></span> <span class='ocrx_word' id='word_1_18' title='bbox 841 373 941 436; x_wconf 84' lang='lat' dir='ltr'><strong>citatio</strong></span> <span class='ocrx_word' id='word_1_19' title='bbox 951 394 1051 456; x_wconf 83' lang='lat' dir='ltr'><strong>perso-</strong></span> 
     </span>
     <span class='ocr_line' id='line_1_4' title="bbox 79 461 1049 546; baseline 0.003 -23"><span class='ocrx_word' id='word_1_20' title='bbox 79 463 174 526; x_wconf 85' lang='lat' dir='ltr'><strong>nalis:</strong></span> <span class='ocrx_word' id='word_1_21' title='bbox 190 483 259 546; x_wconf 78' lang='lat' dir='ltr'><strong>quae</strong></span> <span class='ocrx_word' id='word_1_22' title='bbox 272 471 373 526; x_wconf 76' lang='lat' dir='ltr'><strong>mmen</strong></span> <span class='ocrx_word' id='word_1_23' title='bbox 389 481 451 524; x_wconf 90' lang='lat' dir='ltr'><strong>non</strong></span> <span class='ocrx_word' id='word_1_24' title='bbox 466 469 543 526; x_wconf 89' lang='lat' dir='ltr'><strong>esset</strong></span> <span class='ocrx_word' id='word_1_25' title='bbox 557 463 742 537; x_wconf 89' lang='lat' dir='ltr'><strong>necessaria,</strong></span> <span class='ocrx_word' id='word_1_26' title='bbox 758 461 783 524; x_wconf 91' lang='lat' dir='ltr'><strong>si</strong></span> <span class='ocrx_word' id='word_1_27' title='bbox 800 480 852 543; x_wconf 91' lang='lat' dir='ltr'><strong>per</strong></span> <span class='ocrx_word' id='word_1_28' title='bbox 867 466 981 525; x_wconf 86' lang='lat' dir='ltr'><strong>Statuta</strong></span> <span class='ocrx_word' id='word_1_29' title='bbox 994 466 1049 526; x_wconf 83' lang='lat' dir='ltr'><strong>Ea-</strong></span> 
     </span>
     <span class='ocr_line' id='line_1_5' title="bbox 79 551 1050 634; baseline 0.004 -22"><span class='ocrx_word' id='word_1_30' title='bbox 79 553 165 633; x_wconf 83' lang='lat' dir='ltr'>pituli</span> <span class='ocrx_word' id='word_1_31' title='bbox 183 553 230 615; x_wconf 90' lang='lat' dir='ltr'><strong>vel</strong></span> <span class='ocrx_word' id='word_1_32' title='bbox 251 552 413 634; x_wconf 77' lang='lat' dir='ltr'><strong>synodalia</strong></span> <span class='ocrx_word' id='word_1_33' title='bbox 430 553 585 614; x_wconf 88' lang='lat' dir='ltr'><strong>decretum</strong></span> <span class='ocrx_word' id='word_1_34' title='bbox 605 551 710 613; x_wconf 89' lang='lat' dir='ltr'><strong>luisset</strong></span> <span class='ocrx_word' id='word_1_35' title='bbox 727 551 865 613; x_wconf 77' lang='lat' dir='ltr'><strong>absentes</strong></span> <span class='ocrx_word' id='word_1_36' title='bbox 886 551 951 634; x_wconf 89' lang='lat' dir='ltr'><strong>ipso</strong></span> <span class='ocrx_word' id='word_1_37' title='bbox 973 552 1050 616; x_wconf 88' lang='lat' dir='ltr'><strong>lacto</strong></span> 
     </span>
     <span class='ocr_line' id='line_1_6' title="bbox 82 639 1048 722; baseline 0.005 -22"><span class='ocrx_word' id='word_1_38' title='bbox 82 641 276 720; x_wconf 75' lang='lat' dir='ltr'><strong>privationem</strong></span> <span class='ocrx_word' id='word_1_39' title='bbox 287 643 452 704; x_wconf 89' lang='lat' dir='ltr'><strong>incurrere.</strong></span> <span class='ocrx_word' id='word_1_40' title='bbox 468 640 543 702; x_wconf 83' lang='lat' dir='ltr'><strong>Vide</strong></span> <span class='ocrx_word' id='word_1_41' title='bbox 557 641 672 709; x_wconf 86' lang='lat' dir='ltr'><strong>Bouix.</strong></span> <span class='ocrx_word' id='word_1_42' title='bbox 689 640 732 701; x_wconf 85' lang='lat' dir='ltr'><strong>De</strong></span> <span class='ocrx_word' id='word_1_43' title='bbox 748 639 909 720; x_wconf 83' lang='lat' dir='ltr'><strong>Capitalis,</strong></span> <span class='ocrx_word' id='word_1_44' title='bbox 925 661 956 722; x_wconf 89' lang='lat' dir='ltr'><strong>p.</strong></span> <span class='ocrx_word' id='word_1_45' title='bbox 973 645 1048 720; x_wconf 76' lang='lat'>3683</span> 
     </span>
     <span class='ocr_line' id='line_1_7' title="bbox 82 727 1051 812; baseline 0.005 -24"><span class='ocrx_word' id='word_1_46' title='bbox 82 728 106 788; x_wconf 91' lang='lat' dir='ltr'><strong>si</strong></span> <span class='ocrx_word' id='word_1_47' title='bbox 122 729 274 809; x_wconf 78' lang='lat' dir='ltr'><strong>ignoretur</strong></span> <span class='ocrx_word' id='word_1_48' title='bbox 291 730 374 792; x_wconf 88' lang='lat' dir='ltr'><strong>locus</strong></span> <span class='ocrx_word' id='word_1_49' title='bbox 388 748 449 812; x_wconf 85' lang='lat' dir='ltr'><strong>quo</strong></span> <span class='ocrx_word' id='word_1_50' title='bbox 464 729 632 790; x_wconf 87' lang='lat' dir='ltr'><strong>Canonieus</strong></span> <span class='ocrx_word' id='word_1_51' title='bbox 648 727 745 808; x_wconf 80' lang='lat' dir='ltr'><strong>degit,</strong></span> <span class='ocrx_word' id='word_1_52' title='bbox 761 729 807 790; x_wconf 91' lang='lat' dir='ltr'><strong>vel</strong></span> <span class='ocrx_word' id='word_1_53' title='bbox 826 729 850 790; x_wconf 92' lang='lat' dir='ltr'><strong>si</strong></span> <span class='ocrx_word' id='word_1_54' title='bbox 864 728 901 790; x_wconf 87' lang='lat' dir='ltr'><strong>ad</strong></span> <span class='ocrx_word' id='word_1_55' title='bbox 916 747 985 791; x_wconf 88' lang='lat' dir='ltr'><strong>eum</strong></span> <span class='ocrx_word' id='word_1_56' title='bbox 1000 749 1051 794; x_wconf 65' lang='lat' dir='ltr'><strong>ao«</strong></span> 
     </span>
     <span class='ocr_line' id='line_1_8' title="bbox 83 816 1051 893; baseline 0.003 -15"><span class='ocrx_word' id='word_1_57' title='bbox 83 835 183 879; x_wconf 88' lang='lat' dir='ltr'><strong>cessus</strong></span> <span class='ocrx_word' id='word_1_58' title='bbox 197 825 278 880; x_wconf 88' lang='lat' dir='ltr'><strong>tutus</strong></span> <span class='ocrx_word' id='word_1_59' title='bbox 290 837 352 880; x_wconf 92' lang='lat' dir='ltr'><strong>non</strong></span> <span class='ocrx_word' id='word_1_60' title='bbox 361 823 450 893; x_wconf 89' lang='lat' dir='ltr'><strong>esset,</strong></span> <span class='ocrx_word' id='word_1_61' title='bbox 462 823 514 879; x_wconf 92' lang='lat' dir='ltr'><strong>aut</strong></span> <span class='ocrx_word' id='word_1_62' title='bbox 527 816 617 878; x_wconf 93' lang='lat' dir='ltr'><strong>nimis</strong></span> <span class='ocrx_word' id='word_1_63' title='bbox 630 817 761 891; x_wconf 88' lang='lat' dir='ltr'><strong>distans,</strong></span> <span class='ocrx_word' id='word_1_64' title='bbox 775 817 846 878; x_wconf 89' lang='lat' dir='ltr'><strong>satis</strong></span> <span class='ocrx_word' id='word_1_65' title='bbox 860 824 937 880; x_wconf 87' lang='lat' dir='ltr'><strong>esset</strong></span> <span class='ocrx_word' id='word_1_66' title='bbox 951 819 1051 881; x_wconf 90' lang='lat' dir='ltr'><strong>citatio</strong></span> 
     </span>
     <span class='ocr_line' id='line_1_9' title="bbox 80 904 1050 982; baseline 0.004 -16"><span class='ocrx_word' id='word_1_67' title='bbox 80 905 169 968; x_wconf 85' lang='lat' dir='ltr'><strong>alllxa</strong></span> <span class='ocrx_word' id='word_1_68' title='bbox 191 907 229 968; x_wconf 90' lang='lat' dir='ltr'><strong>ad</strong></span> <span class='ocrx_word' id='word_1_69' title='bbox 250 907 348 970; x_wconf 87' lang='lat' dir='ltr'><strong>valvas</strong></span> <span class='ocrx_word' id='word_1_70' title='bbox 369 906 502 969; x_wconf 84' lang='lat' dir='ltr'><strong>ecelesiae</strong></span> <span class='ocrx_word' id='word_1_71' title='bbox 528 904 579 966; x_wconf 91' lang='lat' dir='ltr'><strong>ubi</strong></span> <span class='ocrx_word' id='word_1_72' title='bbox 604 912 649 966; x_wconf 90' lang='lat' dir='ltr'><strong>est</strong></span> <span class='ocrx_word' id='word_1_73' title='bbox 672 904 887 982; x_wconf 55' lang='lat' dir='ltr'><strong>(tenementum</strong></span> <span class='ocrx_word' id='word_1_74' title='bbox 917 906 970 968; x_wconf 90' lang='lat' dir='ltr'><strong>sed</strong></span> <span class='ocrx_word' id='word_1_75' title='bbox 991 926 1050 970; x_wconf 86' lang='lat' dir='ltr'><strong>una</strong></span> 
     </span>
     <span class='ocr_line' id='line_1_10' title="bbox 81 993 1050 1076; baseline 0.005 -23"><span class='ocrx_word' id='word_1_76' title='bbox 81 999 155 1055; x_wconf 87' lang='lat' dir='ltr'><strong>tunc</strong></span> <span class='ocrx_word' id='word_1_77' title='bbox 169 1013 230 1054; x_wconf 89' lang='lat' dir='ltr'><strong>non</strong></span> <span class='ocrx_word' id='word_1_78' title='bbox 245 995 402 1070; x_wconf 86' lang='lat' dir='ltr'><strong>sufficeret;</strong></span> <span class='ocrx_word' id='word_1_79' title='bbox 411 993 516 1075; x_wconf 84' lang='lat' dir='ltr'><strong>triplex</strong></span> <span class='ocrx_word' id='word_1_80' title='bbox 525 995 606 1055; x_wconf 90' lang='lat' dir='ltr'><strong>enim</strong></span> <span class='ocrx_word' id='word_1_81' title='bbox 621 993 759 1055; x_wconf 86' lang='lat' dir='ltr'><strong>distincta</strong></span> <span class='ocrx_word' id='word_1_82' title='bbox 769 1001 846 1055; x_wconf 90' lang='lat' dir='ltr'><strong>esset</strong></span> <span class='ocrx_word' id='word_1_83' title='bbox 860 994 1003 1076; x_wconf 87' lang='lat' dir='ltr'><strong>requisita</strong></span> <span class='ocrx_word' id='word_1_84' title='bbox 1014 1014 1050 1058; x_wconf 87' lang='lat' dir='ltr'><strong>ex</strong></span> 
     </span>
     <span class='ocr_line' id='line_1_11' title="bbox 80 1082 639 1162; baseline -0.002 -20"><span class='ocrx_word' id='word_1_85' title='bbox 80 1099 149 1162; x_wconf 85' lang='lat' dir='ltr'><strong>cap.</strong></span> <span class='ocrx_word' id='word_1_86' title='bbox 163 1082 194 1144; x_wconf 83' lang='lat' dir='ltr'><strong>E</strong></span> <span class='ocrx_word' id='word_1_87' title='bbox 195 1103 217 1143; x_wconf 75' lang='lat' dir='ltr'><strong>a</strong></span> <span class='ocrx_word' id='word_1_88' title='bbox 233 1092 298 1154; x_wconf 78' lang='lat' dir='ltr'><strong>tace,</strong></span> <span class='ocrx_word' id='word_1_89' title='bbox 317 1083 350 1144; x_wconf 88' lang='lat' dir='ltr'><strong>de</strong></span> <span class='ocrx_word' id='word_1_90' title='bbox 363 1083 468 1144; x_wconf 84' lang='lat' dir='ltr'><strong>elerico</strong></span> <span class='ocrx_word' id='word_1_91' title='bbox 481 1103 537 1142; x_wconf 83' lang='lat' dir='ltr'><strong>oon</strong></span> <span class='ocrx_word' id='word_1_92' title='bbox 552 1082 639 1143; x_wconf 84' lang='lat' dir='ltr'><strong>resid.</strong></span> 
     </span>
    </p>

    <p class='ocr_par' dir='ltr' id='par_1_3' title="bbox 82 1169 1053 1691">
     <span class='ocr_line' id='line_1_12' title="bbox 123 1169 1050 1252; baseline 0.005 -22"><span class='ocrx_word' id='word_1_93' title='bbox 123 1172 211 1233; x_wconf 75' lang='lat'>2360.</span> <span class='ocrx_word' id='word_1_94' title='bbox 229 1171 406 1249; x_wconf 83' lang='lat' dir='ltr'><strong>llujusmodi</strong></span> <span class='ocrx_word' id='word_1_95' title='bbox 420 1171 520 1240; x_wconf 82' lang='lat' dir='ltr'><strong>citatio</strong></span> <span class='ocrx_word' id='word_1_96' title='bbox 533 1170 623 1231; x_wconf 86' lang='lat' dir='ltr'><strong>debet</strong></span> <span class='ocrx_word' id='word_1_97' title='bbox 640 1169 806 1251; x_wconf 84' lang='lat' dir='ltr'><strong>exprimere</strong></span> <span class='ocrx_word' id='word_1_98' title='bbox 820 1170 1050 1252; x_wconf 80' lang='lat' dir='ltr'><strong>assignationem</strong></span> 
     </span>
     <span class='ocr_line' id='line_1_13' title="bbox 82 1257 1053 1340; baseline 0.003 -21"><span class='ocrx_word' id='word_1_99' title='bbox 82 1259 281 1338; x_wconf 83' lang='lat' dir='ltr'><strong>competentis</strong></span> <span class='ocrx_word' id='word_1_100' title='bbox 291 1259 411 1320; x_wconf 87' lang='lat' dir='ltr'><strong>termini</strong></span> <span class='ocrx_word' id='word_1_101' title='bbox 427 1257 464 1320; x_wconf 88' lang='lat' dir='ltr'><strong>ad</strong></span> <span class='ocrx_word' id='word_1_102' title='bbox 475 1257 676 1332; x_wconf 89' lang='lat' dir='ltr'><strong>redeundum,</strong></span> <span class='ocrx_word' id='word_1_103' title='bbox 692 1276 762 1320; x_wconf 92' lang='lat' dir='ltr'><strong>eum</strong></span> <span class='ocrx_word' id='word_1_104' title='bbox 776 1261 916 1340; x_wconf 70' lang='lat' dir='ltr'><strong>expressa</strong></span> <span class='ocrx_word' id='word_1_105' title='bbox 929 1261 1053 1322; x_wconf 90' lang='lat' dir='ltr'><strong>commi·</strong></span> 
     </span>
     <span class='ocr_line' id='line_1_14' title="bbox 84 1345 1052 1428; baseline 0.007 -23"><span class='ocrx_word' id='word_1_106' title='bbox 84 1345 206 1408; x_wconf 86' lang='lat' dir='ltr'><strong>natione</strong></span> <span class='ocrx_word' id='word_1_107' title='bbox 225 1345 397 1428; x_wconf 88' lang='lat' dir='ltr'><strong>privationis</strong></span> <span class='ocrx_word' id='word_1_108' title='bbox 411 1348 609 1409; x_wconf 84' lang='lat' dir='ltr'><strong>Canonicatils</strong></span> <span class='ocrx_word' id='word_1_109' title='bbox 628 1345 729 1426; x_wconf 87' lang='lat' dir='ltr'><strong>elapso</strong></span> <span class='ocrx_word' id='word_1_110' title='bbox 748 1347 898 1424; x_wconf 88' lang='lat' dir='ltr'><strong>termino,</strong></span> <span class='ocrx_word' id='word_1_111' title='bbox 913 1354 942 1410; x_wconf 89' lang='lat' dir='ltr'><strong>et</strong></span> <span class='ocrx_word' id='word_1_112' title='bbox 955 1348 1052 1412; x_wconf 89' lang='lat' dir='ltr'><strong>sititu-</strong></span> 
     </span>
     <span class='ocr_line' id='line_1_15' title="bbox 83 1433 1052 1517; baseline 0.006 -24"><span class='ocrx_word' id='word_1_113' title='bbox 83 1433 155 1495; x_wconf 89' lang='lat' dir='ltr'><strong>laris</strong></span> <span class='ocrx_word' id='word_1_114' title='bbox 169 1453 230 1496; x_wconf 90' lang='lat' dir='ltr'><strong>noo</strong></span> <span class='ocrx_word' id='word_1_115' title='bbox 240 1435 343 1497; x_wconf 88' lang='lat' dir='ltr'><strong>redeat</strong></span> <span class='ocrx_word' id='word_1_116' title='bbox 356 1436 400 1498; x_wconf 88' lang='lat' dir='ltr'><strong>vel</strong></span> <span class='ocrx_word' id='word_1_117' title='bbox 412 1436 524 1514; x_wconf 87' lang='lat' dir='ltr'><strong>justam</strong></span> <span class='ocrx_word' id='word_1_118' title='bbox 538 1453 660 1497; x_wconf 91' lang='lat' dir='ltr'><strong>eausam</strong></span> <span class='ocrx_word' id='word_1_119' title='bbox 676 1452 736 1496; x_wconf 92' lang='lat' dir='ltr'><strong>non</strong></span> <span class='ocrx_word' id='word_1_120' title='bbox 751 1434 864 1502; x_wconf 79' lang='lat' dir='ltr'><strong>afferat,</strong></span> <span class='ocrx_word' id='word_1_121' title='bbox 874 1436 987 1517; x_wconf 89' lang='lat' dir='ltr'><strong>absque</strong></span> <span class='ocrx_word' id='word_1_122' title='bbox 996 1437 1052 1499; x_wconf 78' lang='lat' dir='ltr'><strong>alia</strong></span> 
     </span>
     <span class='ocr_line' id='line_1_16' title="bbox 84 1521 1051 1606; baseline 0.005 -24"><span class='ocrx_word' id='word_1_123' title='bbox 84 1521 244 1600; x_wconf 83' lang='lat' dir='ltr'><strong>citatione,</strong></span> <span class='ocrx_word' id='word_1_124' title='bbox 267 1524 428 1605; x_wconf 89' lang='lat' dir='ltr'><strong>privandus</strong></span> <span class='ocrx_word' id='word_1_125' title='bbox 449 1524 505 1585; x_wconf 84' lang='lat' dir='ltr'><strong>erit</strong></span> <span class='ocrx_word' id='word_1_126' title='bbox 524 1523 610 1586; x_wconf 87' lang='lat' dir='ltr'><strong>titulo</strong></span> <span class='ocrx_word' id='word_1_127' title='bbox 632 1541 708 1600; x_wconf 88' lang='lat' dir='ltr'><strong>suo,</strong></span> <span class='ocrx_word' id='word_1_128' title='bbox 727 1522 812 1600; x_wconf 90' lang='lat' dir='ltr'><strong>juxta</strong></span> <span class='ocrx_word' id='word_1_129' title='bbox 836 1522 962 1585; x_wconf 87' lang='lat' dir='ltr'><strong>sormam</strong></span> <span class='ocrx_word' id='word_1_130' title='bbox 985 1543 1051 1606; x_wconf 89' lang='lat' dir='ltr'><strong>cap.</strong></span> 
     </span>
     <span class='ocr_line' id='line_1_17' title="bbox 83 1609 583 1691; baseline 0 -19"><span class='ocrx_word' id='word_1_131' title='bbox 83 1609 249 1691; x_wconf 75' lang='lat' dir='ltr'><strong>Experto,</strong></span> <span class='ocrx_word' id='word_1_132' title='bbox 266 1612 300 1674; x_wconf 81' lang='lat' dir='ltr'><strong>de</strong></span> <span class='ocrx_word' id='word_1_133' title='bbox 311 1613 409 1675; x_wconf 84' lang='lat' dir='ltr'><strong>cleric.</strong></span> <span class='ocrx_word' id='word_1_134' title='bbox 425 1632 481 1673; x_wconf 83' lang='lat' dir='ltr'><strong>non</strong></span> <span class='ocrx_word' id='word_1_135' title='bbox 495 1611 583 1673; x_wconf 85' lang='lat' dir='ltr'><strong>resid.</strong></span> 
     </span>
    </p>

    <p class='ocr_par' dir='ltr' id='par_1_4' title="bbox 84 1699 1053 2402">
     <span class='ocr_line' id='line_1_18' title="bbox 127 1699 1049 1784; baseline 0.007 -25"><span class='ocrx_word' id='word_1_136' title='bbox 127 1701 245 1763; x_wconf 78' lang='lat' dir='ltr'><strong>Prolata</strong></span> <span class='ocrx_word' id='word_1_137' title='bbox 258 1703 404 1764; x_wconf 80' lang='lat' dir='ltr'><strong>sententia</strong></span> <span class='ocrx_word' id='word_1_138' title='bbox 418 1703 592 1784; x_wconf 83' lang='lat' dir='ltr'><strong>privationis</strong></span> <span class='ocrx_word' id='word_1_139' title='bbox 609 1718 679 1764; x_wconf 86' lang='lat' dir='ltr'><strong>enm</strong></span> <span class='ocrx_word' id='word_1_140' title='bbox 698 1699 903 1764; x_wconf 89' lang='lat' dir='ltr'><strong>observatione</strong></span> <span class='ocrx_word' id='word_1_141' title='bbox 922 1703 1049 1782; x_wconf 88' lang='lat' dir='ltr'><strong>praemis</strong></span> 
     </span>
     <span class='ocr_line' id='line_1_19' title="bbox 84 1789 1053 1872; baseline 0.005 -22"><span class='ocrx_word' id='word_1_142' title='bbox 84 1807 205 1863; x_wconf 87' lang='lat' dir='ltr'><strong>sorum,</strong></span> <span class='ocrx_word' id='word_1_143' title='bbox 228 1808 289 1852; x_wconf 90' lang='lat' dir='ltr'><strong>non</strong></span> <span class='ocrx_word' id='word_1_144' title='bbox 303 1790 391 1853; x_wconf 87' lang='lat' dir='ltr'><strong>datur</strong></span> <span class='ocrx_word' id='word_1_145' title='bbox 410 1789 569 1872; x_wconf 85' lang='lat' dir='ltr'><strong>appellatio</strong></span> <span class='ocrx_word' id='word_1_146' title='bbox 590 1790 780 1870; x_wconf 76' lang='lat' dir='ltr'><strong>suspensiva3</strong></span> <span class='ocrx_word' id='word_1_147' title='bbox 796 1807 899 1862; x_wconf 87' lang='lat' dir='ltr'><strong>secus,</strong></span> <span class='ocrx_word' id='word_1_148' title='bbox 915 1790 939 1852; x_wconf 89' lang='lat' dir='ltr'><strong>si</strong></span> <span class='ocrx_word' id='word_1_149' title='bbox 959 1791 1053 1855; x_wconf 83' lang='lat' dir='ltr'><strong>forma</strong></span> 
     </span>
     <span class='ocr_line' id='line_1_20' title="bbox 84 1877 1053 1960; baseline 0.003 -22"><span class='ocrx_word' id='word_1_150' title='bbox 84 1877 230 1960; x_wconf 75' lang='lat' dir='ltr'><strong>predicta</strong></span> <span class='ocrx_word' id='word_1_151' title='bbox 245 1879 467 1942; x_wconf 87' lang='lat' dir='ltr'><strong>observatanon</strong></span> <span class='ocrx_word' id='word_1_152' title='bbox 481 1879 599 1941; x_wconf 86' lang='lat' dir='ltr'><strong>luisset:</strong></span> <span class='ocrx_word' id='word_1_153' title='bbox 615 1881 657 1939; x_wconf 89' lang='lat' dir='ltr'><strong>lta</strong></span> <span class='ocrx_word' id='word_1_154' title='bbox 667 1877 779 1938; x_wconf 90' lang='lat' dir='ltr'><strong>Bened.</strong></span> <span class='ocrx_word' id='word_1_155' title='bbox 795 1877 861 1939; x_wconf 88' lang='lat' dir='ltr'><strong>XIV</strong></span> <span class='ocrx_word' id='word_1_156' title='bbox 876 1879 961 1956; x_wconf 78' lang='lat' dir='ltr'><strong>(last.</strong></span> <span class='ocrx_word' id='word_1_157' title='bbox 978 1883 1053 1958; x_wconf 74' lang='lat'><strong>107,</strong></span> 
     </span>
     <span class='ocr_line' id='line_1_21' title="bbox 84 1965 1041 2047; baseline 0.003 -19"><span class='ocrx_word' id='word_1_158' title='bbox 84 1967 104 2047; x_wconf 63' lang='grc' dir='ltr'>ᾗ</span> <span class='ocrx_word' id='word_1_159' title='bbox 120 1968 161 2046; x_wconf 83' lang='grc'><strong>6),</strong></span> <span class='ocrx_word' id='word_1_160' title='bbox 176 1985 211 2029; x_wconf 91' lang='lat' dir='ltr'><strong>ex</strong></span> <span class='ocrx_word' id='word_1_161' title='bbox 226 1968 341 2030; x_wconf 82' lang='lat' dir='ltr'><strong>Declar.</strong></span> <span class='ocrx_word' id='word_1_162' title='bbox 357 1967 387 2028; x_wconf 90' lang='lat' dir='ltr'><strong>S.</strong></span> <span class='ocrx_word' id='word_1_163' title='bbox 401 1969 434 2030; x_wconf 85' lang='lat' dir='ltr'><strong>G.</strong></span> <span class='ocrx_word' id='word_1_164' title='bbox 451 1970 542 2030; x_wconf 82' lang='lat' dir='ltr'><strong>Cone.</strong></span> <span class='ocrx_word' id='word_1_165' title='bbox 559 1965 800 2044; x_wconf 81' lang='lat' dir='ltr'><strong>(inPloeentind,</strong></span> <span class='ocrx_word' id='word_1_166' title='bbox 816 1970 852 2028; x_wconf 78' lang='lat'><strong>15</strong></span> <span class='ocrx_word' id='word_1_167' title='bbox 869 1985 936 2030; x_wconf 88' lang='lat' dir='ltr'><strong>nov.</strong></span> <span class='ocrx_word' id='word_1_168' title='bbox 954 1971 1041 2047; x_wconf 79' lang='lat'><strong>1673)</strong></span> 
     </span>
     <span class='ocr_line' id='line_1_22' title="bbox 85 2054 1053 2139; baseline 0.002 -22"><span class='ocrx_word' id='word_1_169' title='bbox 85 2055 119 2117; x_wconf 89' lang='lat' dir='ltr'><strong>Si</strong></span> <span class='ocrx_word' id='word_1_170' title='bbox 134 2063 246 2128; x_wconf 84' lang='lat' dir='ltr'><strong>autem,</strong></span> <span class='ocrx_word' id='word_1_171' title='bbox 261 2057 392 2139; x_wconf 89' lang='lat' dir='ltr'><strong>ineoepto</strong></span> <span class='ocrx_word' id='word_1_172' title='bbox 402 2075 544 2139; x_wconf 87' lang='lat' dir='ltr'><strong>processu</strong></span> <span class='ocrx_word' id='word_1_173' title='bbox 554 2058 639 2134; x_wconf 79' lang='lat' dir='ltr'><strong>J&#39;uxta</strong></span> <span class='ocrx_word' id='word_1_174' title='bbox 656 2054 808 2136; x_wconf 79' lang='lat' dir='ltr'><strong>praelatam</strong></span> <span class='ocrx_word' id='word_1_175' title='bbox 823 2054 962 2134; x_wconf 80' lang='lat' dir='ltr'><strong>formam,</strong></span> <span class='ocrx_word' id='word_1_176' title='bbox 973 2057 1053 2138; x_wconf 83' lang='lat' dir='ltr'><strong>Epis</strong></span> 
     </span>
     <span class='ocr_line' id='line_1_23' title="bbox 86 2141 1052 2224; baseline 0.001 -18"><span class='ocrx_word' id='word_1_177' title='bbox 86 2161 184 2224; x_wconf 86' lang='lat' dir='ltr'><strong>copus</strong></span> <span class='ocrx_word' id='word_1_178' title='bbox 197 2145 381 2206; x_wconf 85' lang='lat' dir='ltr'><strong>Canonicum</strong></span> <span class='ocrx_word' id='word_1_179' title='bbox 392 2145 545 2207; x_wconf 87' lang='lat' dir='ltr'><strong>absentem</strong></span> <span class='ocrx_word' id='word_1_180' title='bbox 557 2142 719 2224; x_wconf 87' lang='lat' dir='ltr'><strong>suspendat</strong></span> <span class='ocrx_word' id='word_1_181' title='bbox 732 2141 822 2224; x_wconf 86' lang='lat' dir='ltr'><strong>(quod</strong></span> <span class='ocrx_word' id='word_1_182' title='bbox 837 2162 872 2206; x_wconf 87' lang='lat' dir='ltr'><strong>ex</strong></span> <span class='ocrx_word' id='word_1_183' title='bbox 886 2145 992 2207; x_wconf 74' lang='lat' dir='ltr'><strong>eadem</strong></span> <span class='ocrx_word' id='word_1_184' title='bbox 1006 2145 1052 2208; x_wconf 87' lang='lat' dir='ltr'><strong>de</strong></span> 
     </span>
     <span class='ocr_line' id='line_1_24' title="bbox 86 2231 1053 2315; baseline 0.004 -22"><span class='ocrx_word' id='word_1_185' title='bbox 86 2231 251 2294; x_wconf 86' lang='lat' dir='ltr'><strong>claratione</strong></span> <span class='ocrx_word' id='word_1_186' title='bbox 271 2233 369 2296; x_wconf 88' lang='lat' dir='ltr'><strong>lacere</strong></span> <span class='ocrx_word' id='word_1_187' title='bbox 383 2237 506 2315; x_wconf 75' lang='lat' dir='ltr'><strong>potest),</strong></span> <span class='ocrx_word' id='word_1_188' title='bbox 525 2232 563 2294; x_wconf 90' lang='lat' dir='ltr'><strong>ad</strong></span> <span class='ocrx_word' id='word_1_189' title='bbox 580 2250 702 2314; x_wconf 88' lang='lat' dir='ltr'><strong>poenam</strong></span> <span class='ocrx_word' id='word_1_190' title='bbox 717 2233 888 2313; x_wconf 88' lang='lat' dir='ltr'><strong>privationis</strong></span> <span class='ocrx_word' id='word_1_191' title='bbox 906 2240 979 2296; x_wconf 88' lang='lat' dir='ltr'><strong>tunc</strong></span> <span class='ocrx_word' id='word_1_192' title='bbox 992 2253 1053 2297; x_wconf 89' lang='lat' dir='ltr'><strong>non</strong></span> 
     </span>
     <span class='ocr_line' id='line_1_25' title="bbox 87 2320 827 2402; baseline 0 -21"><span class='ocrx_word' id='word_1_193' title='bbox 87 2327 186 2402; x_wconf 87' lang='lat' dir='ltr'><strong>potest</strong></span> <span class='ocrx_word' id='word_1_194' title='bbox 198 2321 348 2384; x_wconf 89' lang='lat' dir='ltr'><strong>devenire.</strong></span> <span class='ocrx_word' id='word_1_195' title='bbox 365 2323 475 2396; x_wconf 86' lang='lat' dir='ltr'><strong>Bouix,</strong></span> <span class='ocrx_word' id='word_1_196' title='bbox 492 2320 694 2401; x_wconf 71' lang='lat' dir='ltr'><strong>decapitat,</strong></span> <span class='ocrx_word' id='word_1_197' title='bbox 711 2340 741 2400; x_wconf 93' lang='lat' dir='ltr'><strong>p.</strong></span> <span class='ocrx_word' id='word_1_198' title='bbox 758 2323 827 2383; x_wconf 86' lang='grc'><strong>369.</strong></span> 
     </span>
    </p>

    <p class='ocr_par' dir='ltr' id='par_1_5' title="bbox 88 2409 1055 2845">
     <span class='ocr_line' id='line_1_26' title="bbox 128 2409 1054 2490; baseline 0.002 -20"><span class='ocrx_word' id='word_1_199' title='bbox 128 2412 218 2472; x_wconf 67' lang='lat'><strong>2361.</strong></span> <span class='ocrx_word' id='word_1_200' title='bbox 243 2413 331 2473; x_wconf 86' lang='lat' dir='ltr'><strong>Juxta</strong></span> <span class='ocrx_word' id='word_1_201' title='bbox 354 2409 537 2490; x_wconf 83' lang='lat' dir='ltr'><strong>decisionem</strong></span> <span class='ocrx_word' id='word_1_202' title='bbox 558 2411 589 2472; x_wconf 90' lang='lat' dir='ltr'><strong>S.</strong></span> <span class='ocrx_word' id='word_1_203' title='bbox 614 2409 707 2490; x_wconf 75' lang='lat' dir='ltr'><strong>(long.</strong></span> <span class='ocrx_word' id='word_1_204' title='bbox 731 2412 749 2470; x_wconf 81' lang='lat' dir='ltr'><strong>a</strong></span> <span class='ocrx_word' id='word_1_205' title='bbox 771 2409 906 2472; x_wconf 87' lang='lat' dir='ltr'><strong>Ferrario</strong></span> <span class='ocrx_word' id='word_1_206' title='bbox 932 2409 1054 2472; x_wconf 86' lang='lat' dir='ltr'><strong>relatam</strong></span> 
     </span>
     <span class='ocr_line' id='line_1_27' title="bbox 88 2498 1055 2579; baseline 0 -18"><span class='ocrx_word' id='word_1_207' title='bbox 88 2500 128 2574; x_wconf 81' lang='lat' dir='ltr'><strong>(v⁰</strong></span> <span class='ocrx_word' id='word_1_208' title='bbox 142 2498 344 2570; x_wconf 81' lang='lat' dir='ltr'><strong>Cononieatas,</strong></span> <span class='ocrx_word' id='word_1_209' title='bbox 362 2507 417 2562; x_wconf 89' lang='lat' dir='ltr'><strong>art.</strong></span> <span class='ocrx_word' id='word_1_210' title='bbox 434 2505 464 2574; x_wconf 86' lang='lat'><strong>5,</strong></span> <span class='ocrx_word' id='word_1_211' title='bbox 480 2509 512 2563; x_wconf 84' lang='lat' dir='ltr'><strong>n⁰</strong></span> <span class='ocrx_word' id='word_1_212' title='bbox 523 2498 659 2576; x_wconf 58' lang='lat' dir='ltr'><strong>tin-ad</strong></span> <span class='ocrx_word' id='word_1_213' title='bbox 673 2503 691 2560; x_wconf 87' lang='lat'><strong>3</strong></span> <span class='ocrx_word' id='word_1_214' title='bbox 706 2503 735 2560; x_wconf 87' lang='lat' dir='ltr'><strong>et</strong></span> <span class='ocrx_word' id='word_1_215' title='bbox 747 2500 796 2574; x_wconf 79' lang='lat'><strong>4),</strong></span> <span class='ocrx_word' id='word_1_216' title='bbox 811 2499 976 2578; x_wconf 85' lang='lat' dir='ltr'><strong>Episcopus</strong></span> <span class='ocrx_word' id='word_1_217' title='bbox 990 2517 1055 2579; x_wconf 88' lang='lat' dir='ltr'><strong>pro·</strong></span> 
     </span>
     <span class='ocr_line' id='line_1_28' title="bbox 88 2586 1055 2661; baseline -0.001 -12"><span class='ocrx_word' id='word_1_218' title='bbox 88 2586 197 2650; x_wconf 81' lang='lat' dir='ltr'><strong>cedere</strong></span> <span class='ocrx_word' id='word_1_219' title='bbox 216 2589 292 2650; x_wconf 90' lang='lat' dir='ltr'><strong>valet</strong></span> <span class='ocrx_word' id='word_1_220' title='bbox 312 2597 416 2651; x_wconf 88' lang='lat' dir='ltr'><strong>eontra</strong></span> <span class='ocrx_word' id='word_1_221' title='bbox 435 2589 621 2652; x_wconf 76' lang='lat' dir='ltr'><strong>canonicum</strong></span> <span class='ocrx_word' id='word_1_222' title='bbox 641 2605 703 2648; x_wconf 92' lang='lat' dir='ltr'><strong>non</strong></span> <span class='ocrx_word' id='word_1_223' title='bbox 722 2586 921 2661; x_wconf 87' lang='lat' dir='ltr'><strong>residentem,</strong></span> <span class='ocrx_word' id='word_1_224' title='bbox 942 2586 1055 2648; x_wconf 83' lang='lat' dir='ltr'><strong>etiamsi</strong></span> 
     </span>
     <span class='ocr_line' id='line_1_29' title="bbox 89 2671 1055 2759; baseline 0.002 -23"><span class='ocrx_word' id='word_1_225' title='bbox 89 2673 178 2738; x_wconf 91' lang='lat' dir='ltr'><strong>illum</strong></span> <span class='ocrx_word' id='word_1_226' title='bbox 199 2693 260 2738; x_wconf 89' lang='lat' dir='ltr'><strong>non</strong></span> <span class='ocrx_word' id='word_1_227' title='bbox 282 2679 434 2739; x_wconf 89' lang='lat' dir='ltr'><strong>monuerit</strong></span> <span class='ocrx_word' id='word_1_228' title='bbox 455 2678 512 2739; x_wconf 91' lang='lat' dir='ltr'><strong>nisi</strong></span> <span class='ocrx_word' id='word_1_229' title='bbox 535 2683 603 2759; x_wconf 89' lang='lat' dir='ltr'><strong>post</strong></span> <span class='ocrx_word' id='word_1_230' title='bbox 622 2677 757 2756; x_wconf 87' lang='lat' dir='ltr'><strong>elapsum</strong></span> <span class='ocrx_word' id='word_1_231' title='bbox 778 2675 907 2752; x_wconf 85' lang='lat' dir='ltr'><strong>spatium</strong></span> <span class='ocrx_word' id='word_1_232' title='bbox 927 2671 1055 2738; x_wconf 87' lang='lat' dir='ltr'><strong>duorum</strong></span> 
     </span>
     <span class='ocr_line' id='line_1_30' title="bbox 89 2763 813 2845; baseline -0.004 -21"><span class='ocrx_word' id='word_1_233' title='bbox 89 2779 251 2826; x_wconf 86' lang='lat' dir='ltr'><strong>annorum.</strong></span> <span class='ocrx_word' id='word_1_234' title='bbox 267 2764 341 2826; x_wconf 88' lang='lat' dir='ltr'><strong>Vide</strong></span> <span class='ocrx_word' id='word_1_235' title='bbox 356 2764 489 2828; x_wconf 83' lang='lat' dir='ltr'><strong>Proeleet.</strong></span> <span class='ocrx_word' id='word_1_236' title='bbox 504 2765 539 2827; x_wconf 91' lang='lat' dir='ltr'><strong>S.</strong></span> <span class='ocrx_word' id='word_1_237' title='bbox 555 2763 681 2845; x_wconf 66' lang='lat' dir='ltr'><strong>Salpia,</strong></span> <span class='ocrx_word' id='word_1_238' title='bbox 697 2765 731 2822; x_wconf 87' lang='lat' dir='ltr'><strong>n⁰</strong></span> <span class='ocrx_word' id='word_1_239' title='bbox 743 2765 813 2822; x_wconf 82' lang='lat'><strong>368.</strong></span> 
     </span>
    </p>

    <p class='ocr_par' dir='ltr' id='par_1_6' title="bbox 89 2849 1057 3286">
     <span class='ocr_line' id='line_1_31' title="bbox 130 2849 1054 2934; baseline 0.003 -22"><span class='ocrx_word' id='word_1_240' title='bbox 130 2851 221 2924; x_wconf 81' lang='lat' dir='ltr'><strong>Noto,</strong></span> <span class='ocrx_word' id='word_1_241' title='bbox 237 2869 272 2915; x_wconf 85' lang='lat' dir='ltr'><strong>ex</strong></span> <span class='ocrx_word' id='word_1_242' title='bbox 287 2854 440 2933; x_wconf 81' lang='lat' dir='ltr'><strong>Fagnan0,</strong></span> <span class='ocrx_word' id='word_1_243' title='bbox 450 2852 530 2934; x_wconf 91' lang='lat' dir='ltr'><strong>apud</strong></span> <span class='ocrx_word' id='word_1_244' title='bbox 543 2851 676 2914; x_wconf 83' lang='lat' dir='ltr'><strong>Ferraria</strong></span> <span class='ocrx_word' id='word_1_245' title='bbox 690 2853 729 2928; x_wconf 85' lang='lat' dir='ltr'><strong>(v⁰</strong></span> <span class='ocrx_word' id='word_1_246' title='bbox 745 2849 950 2928; x_wconf 70' lang='lat' dir='ltr'><strong>Complector,</strong></span> <span class='ocrx_word' id='word_1_247' title='bbox 960 2870 1002 2914; x_wconf 87' lang='lat' dir='ltr'><strong>ar.</strong></span> <span class='ocrx_word' id='word_1_248' title='bbox 1020 2857 1054 2923; x_wconf 80' lang='lat'><strong>5,</strong></span> 
     </span>
     <span class='ocr_line' id='line_1_32' title="bbox 92 2931 1057 3022; baseline 0.006 -24"><span class='ocrx_word' id='word_1_249' title='bbox 92 2945 126 2998; x_wconf 88' lang='lat' dir='ltr'><strong>n·</strong></span> <span class='ocrx_word' id='word_1_250' title='bbox 152 2941 225 3018; x_wconf 69' lang='lat'><strong>29),</strong></span> <span class='ocrx_word' id='word_1_251' title='bbox 238 2931 242 2937; x_wconf 71' lang='grc'><strong>’</strong></span> <span class='ocrx_word' id='word_1_252' title='bbox 255 2941 336 3022; x_wconf 88' lang='lat' dir='ltr'><strong>qubd</strong></span> <span class='ocrx_word' id='word_1_253' title='bbox 360 2943 431 3002; x_wconf 87' lang='lat' dir='ltr'><strong>oirm</strong></span> <span class='ocrx_word' id='word_1_254' title='bbox 453 2941 619 3022; x_wconf 82' lang='lat' dir='ltr'><strong>Episcopus</strong></span> <span class='ocrx_word' id='word_1_255' title='bbox 641 2937 837 3002; x_wconf 78' lang='lat' dir='ltr'><strong>vercellensis</strong></span> <span class='ocrx_word' id='word_1_256' title='bbox 863 2940 1057 3022; x_wconf 82' lang='lat' dir='ltr'><strong>supplicasset</strong></span> 
     </span>
     <span class='ocr_line' id='line_1_33' title="bbox 90 3025 1055 3114; baseline 0.008 -29"><span class='ocrx_word' id='word_1_257' title='bbox 90 3025 234 3089; x_wconf 85' lang='lat' dir='ltr'><strong>declarari</strong></span> <span class='ocrx_word' id='word_1_258' title='bbox 246 3028 464 3108; x_wconf 88' lang='lat' dir='ltr'><strong>anhujusmodi</strong></span> <span class='ocrx_word' id='word_1_259' title='bbox 475 3045 595 3114; x_wconf 86' lang='lat' dir='ltr'><strong>poenam</strong></span> <span class='ocrx_word' id='word_1_260' title='bbox 603 3033 704 3110; x_wconf 86' lang='lat' dir='ltr'><strong>posset</strong></span> <span class='ocrx_word' id='word_1_261' title='bbox 719 3027 876 3097; x_wconf 84' lang='lat' dir='ltr'><strong>Canonicis</strong></span> <span class='ocrx_word' id='word_1_262' title='bbox 885 3029 1055 3110; x_wconf 88' lang='lat' dir='ltr'><strong>remittere,</strong></span> 
     </span>
     <span class='ocr_line' id='line_1_34' title="bbox 90 3115 1055 3199; baseline 0.004 -23"><span class='ocrx_word' id='word_1_263' title='bbox 90 3115 123 3176; x_wconf 88' lang='lat' dir='ltr'><strong>S.</strong></span> <span class='ocrx_word' id='word_1_264' title='bbox 138 3115 184 3176; x_wconf 63' lang='grc' dir='ltr'><strong>(λε</strong></span> <span class='ocrx_word' id='word_1_265' title='bbox 199 3137 215 3174; x_wconf 81' lang='lat' dir='ltr'><strong>a</strong></span> <span class='ocrx_word' id='word_1_266' title='bbox 228 3118 346 3178; x_wconf 84' lang='lat' dir='ltr'><strong>censuit</strong></span> <span class='ocrx_word' id='word_1_267' title='bbox 359 3136 445 3199; x_wconf 89' lang='lat' dir='ltr'><strong>posse</strong></span> <span class='ocrx_word' id='word_1_268' title='bbox 459 3118 659 3199; x_wconf 85' lang='lat' dir='ltr'><strong>Episcopum,</strong></span> <span class='ocrx_word' id='word_1_269' title='bbox 675 3123 743 3180; x_wconf 90' lang='lat' dir='ltr'><strong>ante</strong></span> <span class='ocrx_word' id='word_1_270' title='bbox 757 3117 950 3197; x_wconf 86' lang='lat' dir='ltr'><strong>sententiam,</strong></span> <span class='ocrx_word' id='word_1_271' title='bbox 965 3118 1010 3181; x_wconf 91' lang='lat' dir='ltr'><strong>vel</strong></span> <span class='ocrx_word' id='word_1_272' title='bbox 1025 3119 1055 3180; x_wconf 95' lang='lat' dir='ltr'><strong>in</strong></span> 
     </span>
     <span class='ocr_line' id='line_1_35' title="bbox 89 3205 1055 3286; baseline 0.005 -23"><span class='ocrx_word' id='word_1_273' title='bbox 89 3223 106 3261; x_wconf 83' lang='lat' dir='ltr'><strong>r</strong></span> <span class='ocrx_word' id='word_1_274' title='bbox 131 3212 198 3266; x_wconf 89' lang='lat' dir='ltr'><strong>actu</strong></span> <span class='ocrx_word' id='word_1_275' title='bbox 212 3208 413 3269; x_wconf 67' lang='lat' dir='ltr'><strong>sententiares</strong></span> <span class='ocrx_word' id='word_1_276' title='bbox 424 3207 503 3286; x_wconf 76' lang='lat' dir='ltr'><strong>lustt</strong></span> <span class='ocrx_word' id='word_1_277' title='bbox 516 3209 723 3286; x_wconf 76' lang='lat' dir='ltr'><strong>eausaaugere</strong></span> <span class='ocrx_word' id='word_1_278' title='bbox 737 3205 782 3268; x_wconf 92' lang='lat' dir='ltr'><strong>vel</strong></span> <span class='ocrx_word' id='word_1_279' title='bbox 794 3205 943 3284; x_wconf 87' lang='lat' dir='ltr'><strong>minuere,</strong></span> <span class='ocrx_word' id='word_1_280' title='bbox 954 3212 983 3268; x_wconf 91' lang='lat' dir='ltr'><strong>et</strong></span> <span class='ocrx_word' id='word_1_281' title='bbox 994 3225 1055 3270; x_wconf 92' lang='lat' dir='ltr'><strong>non</strong></span> 
     </span>
    </p>

    <p class='ocr_par' dir='ltr' id='par_1_7' title="bbox 67 3291 476 3373">
     <span class='ocr_line' id='line_1_36' title="bbox 67 3291 476 3373; baseline 0.005 -23"><span class='ocrx_word' id='word_1_282' title='bbox 67 3293 106 3373; x_wconf 68' lang='lat' dir='ltr'><strong>fr</strong></span> <span class='ocrx_word' id='word_1_283' title='bbox 131 3291 162 3352; x_wconf 94' lang='lat' dir='ltr'><strong>in</strong></span> <span class='ocrx_word' id='word_1_284' title='bbox 176 3299 273 3354; x_wconf 88' lang='lat' dir='ltr'><strong>totum</strong></span> <span class='ocrx_word' id='word_1_285' title='bbox 286 3295 446 3357; x_wconf 87' lang='lat' dir='ltr'><strong>remittere.</strong></span> <span class='ocrx_word' id='word_1_286' title='bbox 462 3319 476 3354; x_wconf 77' lang='lat' dir='ltr'><strong>n</strong></span> 
     </span>
    </p>

    <p class='ocr_par' dir='ltr' id='par_1_8' title="bbox 71 3363 1055 3640">
     <span class='ocr_line' id='line_1_37' title="bbox 71 3363 1054 3464; baseline 0.005 -22"><span class='ocrx_word' id='word_1_287' title='bbox 71 3363 81 3422; x_wconf 68' lang='lat'><em>⁴</em></span> <span class='ocrx_word' id='word_1_288' title='bbox 131 3379 432 3462; x_wconf 85' lang='lat' dir='ltr'><strong>Notainsuperqubd</strong></span> <span class='ocrx_word' id='word_1_289' title='bbox 445 3384 606 3462; x_wconf 78' lang='lat' dir='ltr'><strong>aS.tlong.</strong></span> <span class='ocrx_word' id='word_1_290' title='bbox 618 3385 709 3445; x_wconf 84' lang='lat' dir='ltr'><strong>Gonu.</strong></span> <span class='ocrx_word' id='word_1_291' title='bbox 721 3386 769 3460; x_wconf 78' lang='grc' dir='ltr'><strong>(Π</strong></span> <span class='ocrx_word' id='word_1_292' title='bbox 782 3389 857 3464; x_wconf 89' lang='lat' dir='ltr'><strong>sept.</strong></span> <span class='ocrx_word' id='word_1_293' title='bbox 879 3385 966 3462; x_wconf 76' lang='lat' dir='ltr'><strong>telo)</strong></span> <span class='ocrx_word' id='word_1_294' title='bbox 984 3402 1054 3447; x_wconf 90' lang='lat' dir='ltr'><strong>een-</strong></span> 
     </span>
     <span class='ocr_line' id='line_1_38' title="bbox 90 3469 1053 3549; baseline 0.004 -19"><span class='ocrx_word' id='word_1_295' title='bbox 90 3491 105 3530; x_wconf 75' lang='lat' dir='ltr'><strong>r</strong></span> <span class='ocrx_word' id='word_1_296' title='bbox 131 3469 191 3531; x_wconf 87' lang='lat' dir='ltr'><strong>suit</strong></span> <span class='ocrx_word' id='word_1_297' title='bbox 205 3485 267 3530; x_wconf 89' lang='lat' dir='ltr'><strong>non</strong></span> <span class='ocrx_word' id='word_1_298' title='bbox 282 3471 473 3533; x_wconf 88' lang='lat' dir='ltr'><strong>inservientes</strong></span> <span class='ocrx_word' id='word_1_299' title='bbox 487 3472 631 3545; x_wconf 85' lang='lat' dir='ltr'><strong>eeclesiae,</strong></span> <span class='ocrx_word' id='word_1_300' title='bbox 644 3489 699 3532; x_wconf 85' lang='lat' dir='ltr'><strong>nee</strong></span> <span class='ocrx_word' id='word_1_301' title='bbox 712 3472 819 3532; x_wconf 91' lang='lat' dir='ltr'><strong>divinis</strong></span> <span class='ocrx_word' id='word_1_302' title='bbox 834 3472 1053 3549; x_wconf 89' lang='lat' dir='ltr'><strong>interessentes,</strong></span> 
     </span>
     <span class='ocr_line' id='line_1_39' title="bbox 90 3559 1055 3640; baseline 0.003 -22"><span class='ocrx_word' id='word_1_303' title='bbox 90 3579 106 3618; x_wconf 82' lang='lat' dir='ltr'><strong>r</strong></span> <span class='ocrx_word' id='word_1_304' title='bbox 132 3559 210 3620; x_wconf 87' lang='lat' dir='ltr'><strong>ultra</strong></span> <span class='ocrx_word' id='word_1_305' title='bbox 223 3559 417 3621; x_wconf 87' lang='lat' dir='ltr'><strong>amissionem</strong></span> <span class='ocrx_word' id='word_1_306' title='bbox 434 3559 677 3621; x_wconf 78' lang='lat' dir='ltr'><strong>distributionum</strong></span> <span class='ocrx_word' id='word_1_307' title='bbox 691 3559 947 3640; x_wconf 85' lang='lat' dir='ltr'><strong>quotidianarum,</strong></span> <span class='ocrx_word' id='word_1_308' title='bbox 969 3577 1055 3640; x_wconf 88' lang='lat' dir='ltr'><strong>possa</strong></span> 
     </span>
    </p>
   </div>
   <div class='ocr_carea' id='block_1_3' title="bbox 0 0 1284 3996">
    <p class='ocr_par' dir='ltr' id='par_1_9' title="bbox 0 0 1284 3996">
     <span class='ocr_line' id='line_1_40' title="bbox 0 0 1284 3996; baseline 0 0"><span class='ocrx_word' id='word_1_309' title='bbox 0 0 1284 3996; x_wconf 95' lang='lat' dir='ltr'><strong> </strong></span> 
     </span>
    </p>
   </div>
  </div>
 </body>
</html>
