2550 3992
993 21 1213 120 Ἡ,

261 247 320 308 444
480 255 616 302 sannaus
642 259 742 300 renos
759 259 837 302 runis
865 253 1010 304 mesmes.

259 372 1237 457 tumsineilscelebrarequandodesuntetadestaliquaratione·

260 466 330 532 bilia
344 485 434 531 causa
447 463 630 541 celebrandi,
649 483 759 546 nempe
773 463 871 526 terror
887 461 1055 525 devotionis
1068 461 1115 524 sel
1130 480 1238 544 oppor-

258 558 373 622 tunitas
386 557 587 636 eleemosynae
601 553 747 617 sacerdoti
764 571 825 616 non
838 552 921 614 diviti
935 551 1022 614 date.
1034 551 1078 630 (S.
1095 551 1220 633 Lignor.

258 644 313 708 lib.
329 650 365 723 6,
381 650 416 708 n·
430 647 513 722 ‘llll

298 737 393 799 Secm
401 735 565 798 dicendum
575 733 613 797 de
628 733 704 796 stola
718 738 770 795 aut
783 730 958 812 manipulo,
974 737 1033 793 etc.
1041 753 1052 807 ;
1066 731 1224 814 probabili·

257 829 304 888 ter
315 831 416 888 tamen
429 833 550 888 excusat
559 823 657 905 gravis
670 821 830 884 necessitas
840 817 956 901 (idid),
967 819 1061 884 modo
1074 819 1153 882 absit
1162 838 1223 882 oon

256 919 389 996 templus
402 914 567 994 religionis.
584 910 734 993 (ldr'dem.)

295 1006 385 1066 3226.
402 1005 490 1065 Juxta
502 997 981 1076 llitualeRonlanum,adhibenda
995 999 1225 1082 sunlsuperpel·

255 1091 364 1153 liceum
384 1097 416 1152 ct
434 1090 510 1152 stola
530 1091 662 1154 violacea
681 1091 711 1152 in
733 1095 922 1151 sacramento
945 1088 1148 1166 Pmnitentiae,
1172 1088 1223 1152 nis*

253 1187 374 1261 tempus
387 1179 434 1242 vel
447 1180 633 1244 consuetudo
643 1179 725 1243 aliud
740 1178 824 1241 ferat.
833 1177 899 1239 lmd
911 1177 1049 1240 exdeeis.
1061 1179 1093 1240 S.
1111 1180 1169 1241 llit.
1181 1180 1213 1242 G.

253 1273 272 1330 't
287 1269 352 1332 dec.
371 1272 466 1345 4344,
478 1275 511 1332 n⁰
522 1274 736 1345 4854,e0runr
752 1265 972 1330 ususinlerdiei
987 1267 1094 1349 nequit
1108 1268 1149 1330 ob
1162 1286 1226 1332 coe

253 1357 458 1421 suetudinem.

292 1451 381 1512 aaut.
397 1449 431 1510 ln
447 1453 642 1525 necessitate,
658 1448 737 1510 sicut
751 1445 924 1528 Baptismus
937 1451 1034 1528 potest
1048 1445 1117 1510 sind
1130 1465 1223 1512 wne·

252 1555 364 1600 monus
377 1536 578 1600 administrari
592 1584 600 1615 ,
623 1537 663 1600 ita
678 1545 708 1599 et
721 1537 787 1599 sind
801 1536 893 1598 saeris
905 1535 1049 1598 restibus.

292 1634 350 1688 Pro
367 1634 554 1689 sacramento
572 1625 831 1700 Confirmationis,
850 1624 918 1688 ride
931 1624 1011 1686 (licta
1024 1641 1118 1706 supra
1133 1627 1219 1702 (eall.

290 1719 380 1781 3228.
392 1715 559 1778 Ministrare
568 1714 785 1778 Eucharistiam
798 1715 863 1776 sine
872 1714 948 1778 stoll
961 1721 990 1776 et
1004 1715 1221 1795 superpelliceo

250 1807 452 1870 communiter
474 1805 600 1867 babetur
620 1811 654 1867 ut
676 1805 801 1866 mortale
825 1823 833 1881 3
860 1803 971 1866 omissl
989 1811 1091 1865 tamen
1106 1809 1218 1867 tantinn

250 1895 335 1963 slold.
346 1895 417 1958 dicit
432 1893 593 1974 lloncaglia
607 1893 744 1976 pluribus
754 1892 846 1956 videri
861 1893 960 1955 solirm
971 1892 1100 1956 veniale.
1114 1897 1218 1960 Utrum

249 1993 349 2047 autern
364 1985 395 2048 in
410 1983 584 2048 necessitate
603 1983 691 2046 liceat
704 1983 874 2045 ministrare
892 1982 1038 2045 viaticum
1051 1983 1117 2046 sine
1128 1986 1216 2046 sacris

250 2073 396 2150 vestibus,
413 2079 503 2155 negat
517 2073 671 2136 Bonaclna
683 2089 754 2135 oum
773 2071 838 2134 aliis
851 2071 1056 2153 quibusdam
1072 2072 1125 2135 sed
1138 2091 1214 2136 com

249 2171 373 2232 munius
387 2179 416 2232 et
429 2173 500 2234 salis
512 2171 706 2252 probabiliter
720 2170 872 2234 affirmant
885 2171 991 2242 Greia,
1006 2171 1118 2248 Gobal,
1133 2181 1210 2238 eto:

247 2257 318 2338 quia
337 2259 552 2322 rationabiliter
577 2261 769 2342 praesumitur
790 2259 872 2342 quod
891 2260 1025 2322 Christus
1041 2267 1072 2324 et
1087 2263 1215 2326 Ecclesia
1255 2319 1256 2326 ,

244 2345 862 2412 haudvoluerinlmoribundostantobouo
871 2347 981 2432 privari
990 2353 1214 2433 nepnrseriptae
1254 2375 1255 2391 ¹

244 2438 431 2501 oaeremoniae
449 2439 635 2502 omittantur.
652 2441 693 2501 lta
712 2440 743 2502 S.
760 2439 880 2519 Lignor.
900 2438 964 2517 (lib.
981 2442 1011 2512 6,
1030 2449 1063 2500 n·
1076 2443 1150 2514 2lll
1165 2443 1212 2521 qui
1252 2519 1253 2523 Ἰ

243 2524 325 2589 addit
353 2546 361 2590 τ
395 2549 410 2586 n
437 2527 598 2590 Deterre...
629 2527 848 2590 Eucharistiam
877 2527 914 2588 ad
936 2525 1016 2589 aliud
1038 2525 1132 2590 altare
1151 2531 1213 2592 sine
1251 2567 1252 2589 t

241 2635 258 2676 s
276 2616 519 2686 restibossacris.
529 2617 603 2680 dicit
611 2617 699 2679 Croix
709 2615 1056 2690 cum...communi‚non
1070 2619 1212 2681 excedere

241 2713 428 2788 »peceatum
444 2706 569 2769 reniale.
589 2707 697 2768 Censet
715 2705 806 2768 etiam
825 2705 964 2787 Pasqual.
989 2703 1070 2788 apud
1086 2707 1209 2770 croix...

240 2813 257 2852 s
277 2795 359 2875 qnod
369 2796 536 2878 Episcopus
550 2795 842 2877 potestdispensare,
852 2802 887 2858 ut
898 2793 1050 2858 deleratur
1064 2797 1209 2860 vtatirun

241 2899 342 2946 ocum
357 2885 503 2966 pileoloin
517 2883 594 2946 villis
607 2891 638 2947 ct
651 2885 747 2966 pagis.
763 2904 778 2944 n
798 2883 873 2946 ltem
890 2883 1019 2947 Ordonn.
1036 2883 1072 2947 de
1082 2881 1208 2957 Volenoe.

241 2985 272 3051 p.
288 2973 441 3036 stt-Sed
454 2973 640 3037 eontrarium
654 2973 796 3036 asseritur
809 2975 828 3036 3
841 2973 990 3050 Ferrario,
1000 2984 1031 3034 ν’
1044 2974 1207 3038 Poroelra.

238 3063 294 3121 erl.
310 3062 395 3132 8,n·
405 3065 444 3123 32
458 3109 466 3140 ,
478 3063 529 3125 nbi
546 3062 673 3126 retertur
687 3080 819 3144 sequens
833 3063 864 3126 S.
881 3063 939 3128 llit.
952 3061 1065 3144 congr.
1081 3063 1210 3128 deelara-

238 3143 342 3229 tiott3
357 3165 428 3230 aug.
444 3153 551 3230 toust:
573 3174 588 3212 s
605 3150 740 3214 Paroeho
754 3151 944 3216 ministrante
959 3153 1108 3218 viaticum
1122 3158 1211 3218 etiam

236 3253 254 3298 s
271 3241 418 3318 praetextu
428 3237 658 3316 invaletudinis,
683 3258 783 3322 neque
804 3241 843 3304 de
866 3248 970 3320 nocte,
986 3260 1088 3324 neque
1108 3245 1148 3308 de
1166 3245 1211 3306 die

235 3326 399 3406 »permitti
421 3325 510 3390 debet
526 3329 664 3410 pileolus.
684 3351 700 3390 a
725 3333 771 3394 Ex
793 3331 946 3394 decisione
959 3341 1060 3394 autem
1074 3334 1210 3412 ejusdem

235 3412 384 3499 Congreg.
401 3420 438 3480 tu
452 3425 527 3499 sept.
548 3421 637 3497 4354,
658 3419 695 3483 ad
710 3421 820 3498 Xltlll,
831 3419 1015 3503 dispensatio
1031 3423 1063 3483 S.
1081 3425 1170 3486 Sertis
1183 3427 1207 3484 in

234 3499 294 3566 hoc
315 3513 393 3568 esset
413 3507 580 3568 necessaria
605 3527 613 3569 ε
636 3507 794 3571 tamndum
817 3515 865 3572 est
886 3527 986 3572 tamen
1011 3512 1096 3592 qtrdd
1113 3515 1144 3576 in
1162 3515 1206 3578 bae

234 3588 403 3674 decisione,
427 3602 532 3676 agatur
555 3612 618 3658 non
641 3597 679 3660 de
698 3597 806 3680 pileolo
825 3597 982 3676 duntaxat,
1004 3600 1058 3661 sed
1080 3601 1122 3665 de
1133 3606 1205 3688 pito

233 3680 404 3760 (Analecta,
426 3685 478 3744 23·
499 3683 578 3760 lirn,
602 3685 661 3748 col.
686 3689 745 3748 347
766 3693 797 3750 et
818 3689 903 3769 355).
926 3689 959 3750 ln
971 3686 1129 3754 decisione
1144 3697 1222 3754 rent¹

233 3767 369 3848 eiusdem
390 3775 410 3835 5
431 3775 520 3834 marl.
539 3773 615 3834 4633
628 3773 739 3838 dicitur
752 3775 834 3858 quod
846 3776 982 3840 Pcroclo
995 3777 1151 3845 rheumate
1167 3783 1204 3842 lo·

165 3852 352 3947 Qti
375 3865 406 3922 st
426 3856 488 3924 SS·
507 3856 730 3924 Sacramentum
750 3863 881 3939 infirmis
892 3863 1040 3930 &eventi
1048 3877 1150 3944 potest
1163 3872 1202 3932 ln·
