2522 3992
221 189 280 254 422
440 203 577 250 nunonis
596 200 697 250 mnus
717 201 799 248 runis
819 199 968 250 csoomcr.

220 305 272 384 qui
294 303 413 366 illarum
433 309 500 366 vota
518 301 665 364 solemnis
683 300 858 374 existimat).
876 297 1008 362 Assertio
1026 299 1114 362 circe
1132 316 1189 362 mo·

221 392 315 454 nieles
334 391 436 454 Gelliae
454 396 569 456 constet
589 389 676 451 variis
696 387 942 470 responsionibus
955 389 987 450 S.
1003 389 1191 451 Poenitenlis

221 481 290 544 rias:
306 480 505 561 postulaverat
512 479 749 540 Cenomanensis
764 478 966 558 Episcopus...
980 481 1028 539 :2⁰
1040 495 1085 540 en
1097 485 1191 539 sotum

222 569 407 648 ingrediendi
431 568 617 650 Religionem
642 566 710 628 Sedi
730 565 908 647 Apostolicae
931 566 969 628 sit
991 574 1190 632 reservatum:

222 657 270 718 dic
284 665 384 720 sutem
398 661 416 720 2
429 659 547 736 januar.
566 659 642 718 1836
652 703 659 733 ‚
671 673 850 736 responsum
864 653 980 718 tuit...:
1000 677 1015 714 r
1032 655 1081 719 dd
1097 661 1138 716 2·
1152 655 1192 732 os-

222 768 237 806 u
261 745 431 828 fimotioe:
446 745 498 808 sed
511 753 613 807 volum
627 744 772 820 mulieris,
787 744 874 821 cujus
893 743 1018 806 intentio
1030 745 1193 826 respexerit

223 856 237 894 n
262 835 299 896 ed
318 834 498 896 monasterie
520 839 608 914 prout
631 851 713 895 nunc
731 832 762 893 in
786 832 887 893 Galliis
900 833 1052 908 existunt,
1071 851 1137 894 non
1159 837 1194 892 est
1216 887 1217 894 ,

224 946 238 982 n
263 921 666 1003 reservetumzquisscilicet
679 920 1095 982 monesterieeademtSede
1113 924 1195 1002 slpos-
1216 907 1217 968 l

224 1034 238 1068 n
266 1011 353 1073 tollet
368 1011 505 1086 ,attentis
515 1009 716 1090 peculiaribus
725 1008 968 1086 circumstantiis,
980 1026 1040 1070 non
1053 1015 1196 1090 tanquam

226 1121 240 1156 n
265 1099 392 1161 Ordines
406 1100 474 1162 vere
486 1105 514 1160 el
529 1098 650 1180 proprie
664 1096 810 1178 religiosi,
826 1118 841 1156 n
860 1097 889 1158 id
904 1097 988 1159 estin
1003 1115 1102 1160 sensu
1116 1097 1195 1158 stris·

227 1188 299 1248 riori
323 1197 353 1249 et
378 1187 537 1268 rigoroso:
560 1186 598 1248 de
621 1205 682 1266 quo
710 1185 776 1246 vide
809 1203 899 1266 supru
926 1188 1026 1261 (tonet
1062 1194 1096 1248 et
1129 1186 1197 1245 inim

227 1279 337 1354 (1518);
358 1275 439 1340 used
453 1276 496 1338 uti
510 1274 713 1356 piissimarum
725 1273 844 1336 lemiliae
854 1274 1036 1337 feminarum
1045 1275 1197 1337 aestimuo·

226 1387 241 1424 r>
266 1371 353 1427 luno

262 1454 320 1516 'Die
335 1458 434 1517 sutem
450 1457 488 1516 28
503 1452 642 1517 novemb.
659 1455 755 1530 1818,
770 1450 806 1512 nd
822 1451 1014 1532 Superiorem
1028 1453 1198 1516 Nanneten·

227 1542 267 1604 sis
281 1542 440 1606 Seminarii
455 1559 633 1624 responsum
646 1541 756 1604 fueret:
771 1543 911 1602 «Votum
925 1544 1113 1622 paupertatis
1123 1540 1196 1623 quod

226 1654 242 1692 u
267 1650 352 1694 novae
360 1632 522 1694 Galliarum
537 1629 693 1711 religiosus,
706 1629 1044 1692 secundlrmurticulum
1055 1633 1075 1692 ὲ
1086 1633 1196 1694 Guber-

228 1741 242 1778 υ
268 1721 319 1782 nio
330 1719 480 1799 adjectum
494 1720 646 1790 emittunt,
656 1737 716 1780 non
727 1717 956 1790 essesolemne:
972 1719 1043 1780 cum
1057 1739 1117 1800 per
1131 1719 1195 1782 illud

227 1831 242 1866 r>
267 1808 416 1870 bonorum
428 1825 553 1870 suorum
566 1807 778 1888 proprietatem
792 1825 828 1868 sc
836 1805 1006 1869 dominium
1021 1806 1124 1872 adbuc
1139 1807 1195 1869 reti-

228 1919 241 1954 n
268 1902 372 1958 neunt:
390 1895 515 1976 proinde
526 1913 582 1958 nec
596 1895 742 1958 solemnis
756 1913 820 1958 esse
834 1894 892 1956 elis
905 1893 966 1956 duo
979 1901 1047 1957 vols
1059 1895 1194 1960 castitalis

228 2004 243 2042 o
268 1991 297 2046 et
307 1983 494 2046 obedientiae.
511 2005 526 2042 r>
544 1987 612 2065 (dp.
630 1986 664 2046 D.
684 1984 796 2062 Bouix,
812 1983 865 2060 ib,
882 2002 912 2064 p.
929 1987 1012 2063 501.)

270 2071 321 2133 Vir
338 2079 439 2133 tomen
462 2071 605 2152 quidum,
627 2071 763 2134 doctrine
789 2073 988 2154 conspicuus,
1003 2073 1145 2154 opinatus
1158 2081 1193 2134 est

229 2159 364 2242 praelatos
379 2160 592 2223 declarationes
605 2159 696 2224 fuisse
708 2161 791 2223 detes
802 2163 886 2242 Juxta
899 2163 1032 2242 exposita
1046 2183 1117 2243 quse
1131 2163 1193 2224 lslse

228 2255 329 2326 erunt,
346 2268 402 2312 neo
424 2249 549 2332 proinde
568 2251 714 2332 impedire
734 2251 806 2331 quin
824 2251 856 2312 in
871 2249 1008 2332 pluribus
1021 2252 1192 2313 monialium

228 2339 424 2402 comentibus
438 2339 584 2402 solemnis
604 2347 670 2402 vote
692 2339 875 2402 emittantur.
892 2337 967 2401 Vide
985 2339 1063 2402 benc
1083 2343 1193 2422 opinio·

230 2445 298 2488 nem
314 2445 362 2510 ap.
375 2429 411 2490 D.
424 2427 692 2490 Bouixdiscussem
703 2475 710 2504 ‚
722 2427 774 2509 qui
788 2433 890 2490 temen
900 2445 967 2489 enm
978 2447 1038 2490 non
1053 2427 1192 2502 admittit,

229 2515 281 2578 sed
295 2515 332 2578 de
342 2520 378 2580 et
390 2517 537 2598 judicium
552 2517 617 2580 eliis
628 2517 779 2598 relinquit.
795 2517 897 2594 (thid,
913 2536 944 2598 p.
960 2521 1123 2595 501-511.)

268 2610 357 2670 2507.
381 2606 440 2670 Sed
462 2605 563 2670 dices:
580 2608 639 2670 Cur
659 2605 716 2668 boc
735 2605 897 2668 discrimen
918 2608 996 2668 inter
1013 2607 1158 2670 moniales
1169 2609 1193 2666 et

228 2696 305 2759 viros
320 2696 546 2778 religiososl—
559 2697 590 2759 S.
606 2695 698 2760 Sedes
712 2713 773 2758 non
788 2713 820 2758 se
834 2695 996 2776 explicuit:
1013 2703 1121 2777 putent
1134 2696 1190 2776 pln-

230 2803 276 2847 res
298 2785 460 2848 discrimen
480 2785 581 2848 renire
599 2784 680 2866 qudd
701 2785 798 2866 mugis
820 2785 857 2847 sit
879 2785 1071 2848 consistentia
1085 2784 1117 2847 in
1132 2783 1191 2844 nris

230 2875 280 2956 qui
296 2874 432 2956 plerique
447 2881 516 2936 sunt
530 2873 698 2937 secerdotes
709 2921 716 2948 ,
728 2877 821 2955 quem
836 2874 866 2935 in
881 2874 1059 2936 mulieribus
1072 2891 1153 2956 quer,
1167 2873 1190 2932 in

229 2963 317 3024 soriis
332 2961 576 3026 subversionibus
590 2963 633 3026 rei
648 2962 789 3045 publices,
804 2963 955 3024 difficilius
975 2963 1030 3024 sibi
1045 2963 1190 3046 providero

230 3057 350 3131 possent
363 3049 386 3111 si
402 3051 418 3112 t
433 3050 524 3113 donro
538 3051 675 3132 religiose
689 3058 788 3114 esseut
802 3051 943 3133 expulsae.
960 3051 1101 3132 Religiosi
1117 3053 1188 3112 insu·

229 3157 282 3220 per
297 3137 481 3218 frequentius
497 3145 652 3202 transeunt
660 3141 697 3202 ab
707 3143 768 3202 unit
779 3141 902 3221 regione
916 3141 946 3202 in
961 3137 1051 3202 aliem
1061 3187 1069 3218 ‚
1079 3147 1111 3202 et
1123 3143 1190 3201 esset

230 3226 445 3289 inconveniens
459 3227 483 3290 si
510 3245 616 3290 eorum
634 3235 701 3290 voto
723 3229 869 3310 simplicis
886 3236 987 3290 essent
1004 3229 1035 3290 in
1059 3247 1120 3292 uno
1134 3229 1189 3290 loct

229 3323 259 3376 et
273 3315 417 3378 solemnis
431 3317 462 3378 in
477 3316 584 3394 altero,
599 3319 670 3380 elim
684 3325 751 3379 voto
765 3319 913 3380 solemnis
925 3317 1053 3382 debeant
1062 3337 1128 3380 esse
1142 3319 1188 3380 im·

230 3404 383 3466 mutabilia
405 3404 490 3484 (Vide
515 3407 683 3484 Geutrelet,
711 3406 763 3468 l'r.
787 3405 821 3469 de
841 3407 923 3468 l'dtnt
945 3407 1048 3488 relig„
1072 3415 1145 3469 tom.
1166 3409 1187 3476 1,

230 3507 259 3570 p.
283 3493 334 3552 tlltl
347 3495 444 3569 ‚elc.).
454 3492 610 3556 Potissima
623 3494 698 3555 ratio
711 3512 776 3556 esse
789 3493 904 3558 videtur
915 3495 997 3576 quod
1006 3503 1073 3558 vote
1087 3497 1188 3556 monis·

230 3575 303 3636 lium
326 3587 357 3640 ut
376 3580 435 3641 sint
458 3581 604 3644 solemnis
627 3589 782 3661 requirent
799 3582 969 3646 clausurum
994 3585 1147 3665 papalem,
1164 3587 1188 3646 ul
