2528 3996
248 267 308 332 612
467 281 604 330 annuam
623 277 724 328 nonus
743 277 824 327 scats
844 277 993 326 canonica.

247 381 360 444 infideli
370 382 400 444 in
415 379 452 443 iis
465 400 533 463 quae
544 379 694 461 pertinent
703 377 739 440 ad
752 375 993 457 superstitiosum
1003 375 1069 454 ejus
1081 372 1203 438 cultum:

247 471 481 534 communicatio
509 478 611 532 autem
634 469 665 530 in
695 467 785 529 rebus
813 464 947 528 civilibus
967 483 1022 545 per
1043 483 1075 527 re
1094 483 1150 528 non
1169 471 1207 526 est
1250 537 1251 542 γ

246 558 395 642 prohibita
417 577 487 622 cum
511 556 705 634 infidelibus,
728 554 785 618 nisi
807 561 959 638 quatenus
980 560 1059 616 esset
1080 551 1207 615 fidelibus

247 648 426 730 periculosa.

286 741 377 800 3111.
395 737 531 802 Diximus
540 757 597 821 per
615 757 645 800 se
657 736 749 818 :quia
762 753 799 798 ex
810 734 880 814 jure
895 731 1022 814 positivo
1036 731 1069 794 in
1084 731 1208 812 pluribus

247 826 395 908 prohibita
410 834 454 890 est
467 825 533 890 haec
545 823 797 897 communicati03
813 823 856 885 sic
876 824 907 884 1ο
924 820 957 883 in
975 837 1043 902 cap.
1059 821 1206 890 lucrata.

246 913 282 976 de
290 914 411 984 Jodoeis,
424 916 573 978 sancitum
587 915 643 978 tuit
659 912 805 977 :oJudaei
820 909 1042 982 siveSaraceni,
1054 927 1151 990 nequo
1161 912 1210 974 aut

247 1024 262 1062 o
287 1003 465 1066 alendorum
478 1022 645 1084 puerorum
659 1020 785 1066 suorum
795 1000 932 1076 obtentu,
947 1016 1006 1062 nec
1019 1016 1076 1080 pro
1090 1002 1209 1072 aerato,
1250 1015 1251 1020 ’

247 1111 262 1150 n
286 1092 332 1152 vel
346 1090 404 1153 etit
417 1091 550 1173 qualibet
563 1095 673 1168 causa,
688 1091 849 1156 christiana
863 1087 1015 1168 mancipia
1034 1087 1067 1150 in
1080 1089 1211 1152 domium
1250 1165 1251 1174 ἵ

246 1201 262 1239 o
287 1180 349 1242 suis
358 1181 570 1262 permittantur
583 1181 694 1244 habere
711 1200 718 1240 :
734 1178 1038 1242 excommunicentur
1052 1185 1152 1242 autem
1167 1181 1211 1260 qui
1250 1177 1251 1180 ’

130 1313 133 1318 .
247 1289 263 1327 u
287 1285 357 1330 cum
372 1268 415 1330 eis
428 1271 675 1353 praesumpserint
687 1267 831 1330 habitare.
847 1289 863 1327 r
880 1268 924 1328 Ex
939 1264 998 1328 hoc
1016 1274 1120 1329 tamen
1140 1269 1210 1329 Con-

246 1355 306 1419 ciiii
335 1358 470 1420 Lateran.
497 1360 536 1420 nt
565 1377 683 1422 canone
709 1354 849 1419 concludi
880 1355 984 1436 nequit
1006 1355 1130 1418 uetitum
1156 1373 1211 1420 erse

148 1461 151 1467 ·
247 1445 416 1509 christianis
431 1447 461 1508 in
476 1465 577 1510 servos
591 1447 700 1510 habere
713 1446 835 1509 dndaeos
848 1444 893 1506 vei
908 1441 1065 1514 infideles,
1080 1445 1151 1526 quia
1162 1465 1213 1510 ser·
1250 1505 1251 1512 ,

247 1535 322 1597 vitus
337 1536 436 1617 potiris
455 1543 662 1618 contemptum
678 1537 769 1617 qutm
783 1551 884 1596 veram
905 1531 1138 1597 familiaritatem
1152 1555 1212 1618 pro·

247 1623 309 1700 dit;
327 1625 388 1686 inrd
404 1633 524 1687 nonest
541 1627 664 1687 vetitum
683 1623 852 1686 christianis
872 1623 1016 1684 inservire
1034 1621 1150 1686 Judaeis
1170 1633 1212 1686 ant

247 1711 312 1774 aliis
333 1713 504 1776 infidelibus
528 1732 613 1777 more
635 1711 858 1795 operariorum,
875 1709 966 1773 modd
980 1727 1051 1773 oum
1066 1710 1142 1794 ipsis
1160 1733 1213 1776 ocu

248 1801 430 1864 cohabitent.
446 1803 521 1866 Vide
535 1821 601 1885 cap.
619 1802 780 1865 dlultorum
794 1806 824 1878 2,
835 1799 870 1862 de
881 1798 1005 1864 ludaeis.
1250 1855 1251 1878 ,

287 1894 377 1953 3115.
395 1892 444 1954 Sic
458 1897 489 1954 2⁰
504 1891 702 1974 prohibentur
720 1889 874 1954 christiani
896 1907 935 1952 ne
957 1888 995 1952 ad
1015 1892 1212 1956 convtriatn·
1250 1887 1251 1974 t

247 1979 382 2043 danorum
397 1981 557 2052 accedant,
575 1982 620 2043 vel
640 1981 678 2042 ad
702 1981 823 2060 propria
845 1979 979 2042 convivia
999 1998 1053 2042 eos
1073 1981 1210 2045 inritent:
1250 1975 1251 2044 i

251 2091 267 2128 u
287 2071 399 2130 Omnes
412 2069 555 2151 deinceps
569 2071 630 2132 siae
644 2069 743 2132 clerici
758 2070 818 2130 sire
838 2068 905 2131 laici
925 2067 1105 2132 Judaeorum
1124 2073 1215 2136 conti

246 2179 262 2218 u
284 2159 331 2219 via
345 2159 471 2232 evitent,
490 2176 588 2240 neque
602 2177 654 2221 eos
674 2157 710 2220 ad
725 2157 895 2220 corrririum
908 2156 1070 2239 quisquam
1088 2159 1213 2223 imitato
1250 2159 1251 2206 ³

248 2248 333 2326 (Cap.
352 2247 454 2308 Omnes
478 2251 535 2324 11,
550 2265 641 2310 causa
663 2252 722 2318 28,
738 2266 768 2328 q.
787 2250 825 2325 1).
852 2248 908 2308 Fas
931 2255 1009 2308 esset
1031 2254 1216 2313 tamencum
1250 2235 1251 2300 Ῐ

245 2335 359 2398 tudens
378 2331 560 2399 manducare
583 2337 613 2398 in
638 2337 787 2413 taberna,
810 2334 914 2397 netad
937 2353 1043 2398 eorum
1066 2355 1218 2422 cauponas
1250 2393 1251 2396 ,

246 2425 467 2500 divertere,ch
491 2426 549 2487 alio
569 2424 661 2488 ruodo
680 2424 840 2488 comedere
858 2425 923 2487 sine
945 2425 1132 2491 inritatione.
1153 2431 1218 2492 tide
1250 2419 1251 2454 ³

246 2516 361 2578 Patuzzi
374 2563 382 2589 ,
397 2534 446 2597 ap.
465 2513 586 2579 Cursum
600 2515 748 2596 complet,
765 2522 838 2577 tom.
855 2519 886 2592 6,
900 2514 958 2577 coi.
975 2519 1046 2578 cta.

285 2609 374 2668 3116.
391 2605 440 2668 Sic
453 2607 485 2666 3⁰
499 2603 607 2667 dicitur
621 2603 651 2664 in
666 2622 732 2686 cap.
751 2608 787 2666 13
806 2601 937 2679 Nullae,
953 2622 1044 2666 causa
1062 2609 1106 2668 28
1120 2655 1129 2681 ,
1145 2629 1177 2690 q.
1196 2615 1222 2671 1·.
1250 2601 1251 2670 ξ

250 2696 429 2757 «Nullus...
458 2711 561 2775 azyma
587 2692 762 2755 iudeorum
789 2692 975 2766 manducet,
1003 2703 1056 2755 aut
1088 2695 1226 2776 aliquem

246 2807 261 2844 u
286 2803 390 2847 acrum
407 2783 436 2845 in
448 2781 741 2844 infirmitatibussuis
752 2790 850 2854 vocet,
866 2789 917 2844 aut
929 2781 1116 2846 medicinam
1132 2787 1175 2848 nb
1186 2788 1227 2850 eis

245 2895 261 2933 r
286 2873 440 2955 percipiat,
455 2879 585 2934 anteum
600 2869 689 2934 eisin
704 2871 811 2933 balneo
823 2872 916 2948 tavet3
933 2872 957 2934 si
971 2875 1227 2958 veroquisquam

246 2984 261 3022 o
285 2962 343 3024 hoc
357 2961 478 3036 iecerit,
493 2959 655 3024 si'oiericus
668 2967 730 3037 est,
741 2961 913 3042 deponatur
929 2981 937 3023 ι
952 2960 976 3022 si
992 2961 1090 3024 laicus
1104 2983 1229 3028 excom

246 3073 260 3110 n
287 3051 619 3113 monteauro-Dicta
627 3050 770 3112 comestio
779 3067 953 3132 azymorum
968 3051 1229 3132 prohibeturtan-
1250 3073 1251 3154 p

245 3140 310 3202 tiam
331 3138 356 3200 si
378 3136 430 3200 frat
447 3137 507 3200 ritu
525 3137 664 3217 judaico,
679 3145 710 3200 et
726 3145 875 3220 quatenus
895 3146 940 3203 est
961 3141 1101 3205 inatituta
1122 3147 1141 3207 a
1164 3146 1229 3224 iege
1250 3163 1251 3220 t

244 3227 380 3307 judaica,
400 3244 462 3287 non
481 3229 552 3288 vero
569 3227 593 3289 si
610 3226 694 3289 deret
710 3227 748 3290 ad
769 3228 879 3290 tamem
900 3229 1167 3311 extinguendam,
1186 3235 1228 3296 ω’

246 3316 283 3379 ad
298 3315 389 3378 atium
404 3315 495 3376 tinem
511 3315 637 3379 licitum.
652 3319 725 3378 item
738 3326 863 3398 possunt
872 3319 968 3380 vocari
985 3319 1097 3383 medici
1113 3325 1228 3386 tuden.

247 3405 271 3466 ai
288 3423 348 3466 non
368 3404 507 3466 adessent
527 3405 679 3466 christiani
699 3407 786 3486 aeque
805 3404 926 3478 idonei,
947 3407 992 3470 vel
1015 3409 1041 3471 si
1059 3411 1124 3473 aiia
1151 3423 1227 3475 esee:

246 3493 442 3556 consuetudo.
465 3492 540 3556 Vide
566 3494 702 3570 Putuzzi,
725 3513 776 3578 ap.
806 3495 894 3562 Cura.
908 3497 1057 3578 complet..
1088 3507 1174 3564 tom.
1199 3507 1224 3569 6,

247 3583 304 3644 coi.
320 3588 388 3645 etr.

287 3675 375 3736 3111.
391 3674 518 3754 Insuper
534 3673 618 3751 juxta
635 3691 701 3755 cap.
725 3673 797 3736 Cion
818 3675 859 3737 stt
882 3681 939 3756 tc,
953 3675 1144 3758 elauris,
1170 3698 1220 3742 nrt
