2522 3996
182 199 218 260 61
398 215 536 260 uxuuxur
557 215 657 260 rorrus
676 215 759 262 runis
780 216 929 262 cxxonrcr.

182 311 293 374 mensis
306 317 336 374 et
348 312 420 374 anni
434 312 588 391 (Gardell,
604 321 637 372 n⁰
657 313 759 392 1311),
775 312 907 375 dieitur:
932 334 946 371 o
962 311 1075 376 Stolam
1090 329 1156 375 rron

181 423 195 459 a
221 420 285 464 csse
308 401 508 464 adhibendam
522 404 722 482 praeterquam
743 402 774 462 in
799 401 957 464 collatione
982 409 1012 463 et
1031 401 1154 464 conlec-

181 512 197 549 ι)
221 491 302 554 tione
317 497 592 565 sacramentorum,
614 489 742 571 ideoque
760 491 1010 553 consuetudinem
1034 492 1064 552 in
1079 509 1156 552 con-

183 601 197 637 o
221 581 347 642 tranium
361 599 425 642 esse
448 579 591 652 abusum,
608 597 662 660 per·
681 579 816 642 locorum
834 579 1008 642 Ordinarios
1027 579 1157 642 omnino

183 690 198 726 o
222 667 452 731 eliminandum.
469 689 484 726 u
510 667 688 730 Adhibenda
706 675 807 730 tamen
822 673 868 730 est
888 668 978 731 etiarn
1000 669 1032 730 in
1055 687 1155 730 sacra-

184 757 381 831 mentalibus,
401 757 443 818 uli
465 761 536 820 sunt
557 755 798 833 benedictiones,
814 763 889 827 etc,
908 776 963 838 pro
982 757 1093 839 quibus
1105 755 1159 820 Rr-

185 843 263 906 tuate
276 845 382 908 stolam
398 845 571 927 praescribit.
589 843 769 924 Gardellini,
788 861 822 906 n⁰
835 848 931 918 utcu,
947 845 1028 928 apud
1042 846 1155 920 llordt,

185 951 253 1013 pars
270 937 300 1008 l,
317 945 351 994 nt
364 938 418 1004 59,
435 939 537 995 annot.
556 938 596 997 l'.

226 1025 313 1084 1135.
338 1021 881 1104 Paroohissicutcaeterispresbyteris
894 1025 1038 1086 retitaest
1049 1024 1160 1086 solem·

187 1111 233 1170 nis
252 1129 286 1172 ee
310 1109 479 1173 benedictio
500 1130 568 1193 quae
588 1109 622 1172 lit
641 1129 695 1193 per
715 1113 830 1174 rerba:
854 1111 905 1174 Sit
919 1133 1020 1174 aomea
1034 1111 1160 1175 Domini

188 1198 380 1276 benedictum,
396 1205 453 1261 ele.

228 1288 357 1348 hbsente
375 1294 477 1351 tamen
492 1289 660 1371 Episcop0‚
683 1292 713 1352 in
728 1291 788 1354 fine
802 1291 901 1352 missae
914 1291 1160 1353 benedictionem

188 1376 356 1457 simplicem
378 1377 606 1458 irnpertiuntur;
626 1381 713 1458 cujus
732 1379 959 1442 consuetudinis
981 1379 1100 1440 initium
1120 1379 1158 1441 ad

188 1467 228 1526 XI
241 1465 386 1528 saeculum
408 1465 497 1529 refert
516 1467 622 1545 Nardi,
645 1469 724 1550 apud
742 1469 778 1530 D.
804 1469 914 1544 Bouix,
938 1467 983 1530 De
1007 1468 1156 1540 Pcrcelw,

568 1678 719 1736 PUNCTUll
739 1680 781 1737 lll.

190 1807 226 1850 aa
247 1807 318 1852 runc
338 1807 462 1855 reaocur
487 1807 583 1858 ouoxn
611 1807 907 1854 coxrnxraaurrxrus
932 1807 992 1853 aur
1016 1808 1087 1854 uera
1110 1811 1160 1855 arx

495 1894 578 1954 cccx,
600 1896 655 1940 vau
676 1895 854 1941 maclines.

231 2033 318 2092 1136.
342 2027 418 2090 Vide
431 2047 499 2110 quae
516 2027 646 2092 diximus
661 2048 750 2111 supra
769 2031 919 2107 (6111110)
934 2031 1013 2093 circa
1033 2049 1144 2114 exemp
1157 2069 1162 2080 ·

192 2119 286 2181 tiones
293 2125 322 2180 et
331 2116 430 2200 quoad
442 2118 510 2196 jura
520 2118 710 2199 parochialia,
726 2126 756 2180 et
770 2119 953 2200 quaedioturi
968 2121 1163 2185 sumusinlra

191 2207 229 2271 de
242 2205 533 2284 confraternitetibus
549 2207 755 2288 (16511680).

557 2365 710 2423 auucuux
731 2367 784 2425 vll.

261 2497 299 2542 us
320 2496 487 2545 ecrescere
508 2499 632 2545 rxaccur
654 2500 684 2544 rx
705 2499 865 2545 uoxnuxus
886 2501 1085 2548 ursrcxsxruu.

234 2621 322 2682 1137.
339 2653 378 2666 -
399 2623 431 2680 l⁰
456 2617 630 2696 aParochi‚
651 2617 720 2681 licet
739 2619 892 2682 dubitetur
911 2621 991 2684 inter
1018 2625 1165 2690 Doctores

193 2729 209 2768 s
233 2727 271 2771 en
285 2727 321 2772 ex
335 2709 363 2771 vi
375 2708 451 2788 juris
464 2709 650 2778 communis,
668 2708 784 2789 possint
796 2708 969 2790 dispensare
983 2711 1015 2772 in
1026 2712 1163 2793 jejuniis,

196 2819 209 2853 s
231 2798 297 2876 jure
306 2805 407 2860 tamen
416 2796 641 2858 consuetudinis
651 2799 730 2859 certe
741 2796 769 2858 id
780 2803 915 2878 possunt,
927 2817 962 2860 ex
970 2799 1050 2878 justa
1059 2807 1160 2880 causo*

195 2909 209 2951 x
233 2905 303 2948 cum
318 2888 380 2948 suis
394 2885 519 2948 subditis
533 2885 773 2967 particularibus,
799 2903 861 2947 non
878 2887 950 2948 verd
964 2906 1020 2968 pro
1033 2893 1095 2951 tota
1110 2911 1161 2972 pa«

195 2999 209 3034 u
235 2975 346 3037 rochia.
363 2977 404 3037 lta
423 2993 458 3038 ex
473 2978 628 3038 communi
643 2975 827 3037 sententie...
849 2975 913 3037 lmd
926 2975 1013 3039 valde
1027 2979 1154 3058 probabi

195 3088 210 3124 r>
235 3065 301 3127 liter
315 3069 411 3146 potest
430 3064 579 3146 parochus
592 3064 623 3126 in
637 3065 673 3126 iis
695 3063 884 3144 dispensare,
904 3063 992 3126 etiarn
1017 3077 1165 3147 prasente

195 3178 210 3214 n
236 3155 422 3236 Episcopo...
454 3153 487 3214 ld
509 3153 599 3215 etiarn
622 3159 748 3234 possunt
767 3153 867 3215 vicarii
889 3153 1090 3234 parochorum
1111 3161 1165 3238 qui

196 3267 210 3302 x
235 3249 374 3305 exercent
387 3249 470 3305 actus
484 3241 667 3322 parochiales
678 3241 915 3320 jurisdictionem
926 3243 1089 3322 exigentes,
1107 3248 1166 3309 nisi

197 3356 211 3390 x
237 3331 357 3413 parochi
380 3331 519 3412 expresse
539 3337 718 3410 repugnent.
742 3351 757 3390 o
779 3332 822 3392 lta
836 3331 867 3393 S.
890 3329 1026 3410 Liguor.,
1050 3332 1102 3396 lib.
1125 3338 1164 3412 3,

199 3433 230 3482 n·
246 3422 409 3494 locauit).
422 3419 560 3494 Bourier‚
572 3424 646 3480 tom.
662 3422 693 3491 5,
708 3438 740 3501 p.
756 3422 829 3494 5153
841 3418 944 3492 Collet,
961 3421 1005 3482 De
1018 3419 1164 3505 Temper.,

197 3517 219 3572 t..
238 3513 268 3570 11
282 3556 290 3584 ,
306 3521 339 3568 n⁰
355 3511 405 3584 98,
428 3509 480 3589 qui
495 3508 574 3570 idem
588 3507 661 3570 dicit
679 3507 716 3570 de
737 3508 863 3590 simplici
888 3509 1089 3586 confessari03
1111 3513 1165 3576 sed

52 3671 91 3679 -..
198 3597 375 3662 contradicit
387 3599 417 3659 S.
435 3597 553 3678 Liguor.
573 3596 673 3675 (idid,
687 3598 782 3676 1031).
