2522 3996
215 181 257 247 rt
457 207 593 254 nonnam
613 206 714 254 nortus
734 207 815 255 rums
835 206 982 257 amonim.

256 309 345 387 ltesp.
364 309 395 368 l·
411 307 487 368 Ante
496 304 609 368 concil.
624 305 772 384 Trident,
785 311 923 387 poterant
935 307 1057 390 parochi
1071 309 1089 370 a
1102 327 1187 392 paro

217 396 284 460 chit
298 397 401 457 alasse
415 395 581 458 studiorum
601 399 690 456 causa
705 413 801 475 usque
818 393 856 458 ad
874 398 1083 478 septennium
1103 398 1187 460 sada

217 491 353 565 tempore
362 484 496 563 ejusdem
512 484 633 546 Concilii
648 485 778 565 ampliirs
791 484 849 546 hoc
862 486 906 548 eis
917 503 977 548 non
989 487 1071 562 ticet,
1082 488 1187 549 saltem

215 575 300 655 juxta
324 574 553 654 probabiliorem
581 575 760 636 sententiam
782 593 790 635 ε
815 575 943 650 etenim,
965 573 1009 637 eis
1032 594 1093 637 non
1123 577 1188 638 licet

218 664 322 727 atres-se
344 664 419 724 ultra
443 661 598 734 bimestre,
624 662 737 744 absque
758 665 843 744 praui
867 663 973 738 cousd,·
995 667 1187 745 porrdcausa

219 751 387 814 studiorum
410 769 470 814 non
493 759 667 833 potestesse
688 755 784 832 gravis
798 769 869 834 erga
892 751 1038 834 parochos
1060 754 1113 835 qui
1126 755 1187 834 iam

220 842 316 904 edocti
328 847 549 922 supponuntur,
558 839 708 922 dumeligi
719 848 870 922 nequeant
879 843 935 903 uisi
945 861 998 924 per
1006 861 1186 905 concursum.

220 935 263 994 lta
275 929 410 992 decisum
429 931 446 990 a
467 931 498 992 S.
515 931 548 991 ll.
569 931 661 993 Conc.
685 928 774 992 refert
794 932 830 991 D.
854 931 963 1006 Boulrn
979 931 1024 994 De
1041 932 1186 995 Parosta.

220 1020 295 1083 Vide
309 1021 398 1082 etiam
413 1019 444 1080 S.
460 1019 596 1099 Lignor,
607 1018 657 1083 lib.
674 1023 710 1097 l,
726 1027 758 1081 n⁰
775 1021 846 1096 {32;
856 1025 886 1082 et
894 1019 1037 1094 Ferraria,
1052 1029 1083 1084 r·
1096 1021 1189 1085 Poro

221 1109 303 1180 chus,
320 1116 376 1170 art.
392 1112 424 1182 Ξ,
442 1111 539 1170 11043.
801 1123 804 1128 “

263 1217 350 1278 ttoa.
372 1214 463 1293 llesp.
486 1215 518 1274 2⁰
536 1213 625 1274 Juxta
637 1213 673 1273 D.
696 1211 792 1274 Bouix
806 1217 836 1274 et
853 1212 926 1275 alios
948 1211 1010 1292 (tt,
1028 1231 1059 1296 p.
1076 1215 1158 1296 54¹1).
1175 1217 1191 1277 t

223 1303 382 1367 residentia
405 1320 467 1362 non
490 1308 669 1363 excusantur
688 1301 809 1381 parochi
832 1301 1012 1381 theologiam
1034 1301 1189 1366 docentes.

226 1393 355 1456 Ferraris
378 1387 479 1470 (ibid,
505 1393 538 1450 η’
560 1391 609 1468 aa)
629 1388 699 1450 dicit
713 1390 743 1452 S.
767 1391 797 1450 C.
823 1391 915 1452 Cone.
939 1389 1106 1454 declarasse
1131 1411 1192 1456 non

224 1483 358 1545 excusari
374 1478 518 1562 parochos
531 1477 674 1539 docentes
691 1479 928 1558 grammaticam.
949 1480 1076 1543 Sanctus
1089 1491 1192 1544 autem

225 1571 344 1652 Lignor.
369 1570 431 1649 (lib.
455 1573 492 1640 d,
510 1569 543 1627 ιιο
564 1571 632 1645 tta)
644 1567 714 1628 citat
729 1567 829 1647 plures
844 1576 978 1632 auctores
992 1569 1195 1651 probabiliter

225 1660 414 1723 admittentes
428 1675 514 1740 posse
528 1658 545 1718 a
559 1655 719 1717 residentia
732 1656 867 1718 excusari
891 1658 1037 1738 parochos
1049 1657 1195 1722 docentes

225 1749 346 1812 Sacram
355 1743 1195 1828 Scriptorum,Theolcpr'nmoatdaacoooaicaminschnlis

226 1838 352 1920 publicis
366 1843 438 1912 (non
458 1842 559 1896 autem
574 1833 723 1914 privatis),
739 1833 810 1914 quia
823 1834 853 1896 id
867 1835 1015 1900 redundat
1029 1838 1060 1898 in
1078 1837 1194 1900 htrnum

225 1929 315 1990 totius
324 1924 472 1998 dioecesis,
482 1923 543 1983 imo
557 1921 731 1983 universatis
741 1921 891 1986 Ecclesia.
909 1925 983 1986 Vide
997 1943 1086 2007 supra
1100 1929 1192 2010 (369).

267 2033 355 2092 1469.
378 2026 500 2098 Ouacrit.
520 2028 552 2087 8·
575 2026 681 2088 Utrum
701 2025 778 2087 aeris
800 2027 992 2110 intemperies
1010 2029 1047 2091 sit
1061 2029 1194 2112 legitima

226 2137 288 2184 non
299 2115 447 2180 residendi
462 2113 576 2176 causa?

265 2211 354 2288 ttesp.
371 2205 508 2267 htorbum
520 2221 591 2264 eum
600 2201 677 2264 aeris
691 2201 882 2267 inclementia
895 2223 960 2267 esse
973 2224 1094 2268 eausam
1109 2208 1194 2270 suffi-

227 2298 355 2361 cientem
369 2302 403 2357 ut
417 2294 581 2374 Episcopus
602 2293 678 2354 ultra
691 2291 767 2354 duos
786 2311 905 2356 menses
927 2295 1084 2358 abesseodi
1099 2295 1195 2360 licen-

224 2388 299 2448 tiam
313 2382 455 2446 concedat
467 2429 475 2452 ,
491 2380 582 2442 modo
595 2388 695 2441 tamen
710 2381 867 2445 inllrmitas
882 2401 943 2444 non
958 2385 996 2445 sit
1009 2393 1154 2467 perpetua
1166 2395 1198 2449 et

227 2475 360 2537 absentia
374 2490 434 2533 oon
449 2471 487 2531 sit
499 2469 603 2530 ovibus
617 2471 743 2550 graviter
753 2471 902 2548 nocitura;
919 2475 1083 2536 tuncenim
1094 2487 1198 2556 pastor

226 2563 348 2626 deberet
365 2558 569 2635 adreddere,
587 2559 633 2620 vel
647 2575 752 2620 curam
766 2559 928 2641 resignare.
946 2563 1020 2626 llem
1035 2563 1127 2625 modo
1142 2583 1197 2646 pe-

226 2653 356 2716 riculum
370 2651 407 2712 sit
419 2647 595 2732 particulare
609 2648 664 2729 ipsi
679 2649 790 2730 pastori
804 2669 811 2709 :
829 2668 899 2712 nam
913 2651 1035 2732 quando
1048 2659 1094 2715 est
1112 2671 1196 2717 com·

227 2760 319 2804 nrune
332 2739 385 2801 toli
400 2737 532 2820 populo,
547 2743 636 2818 prout
645 2736 752 2799 accidit
764 2743 899 2819 tempore
909 2739 1019 2821 pestis,
1034 2747 1108 2804 tunc
1121 2744 1198 2806 resi-

226 2829 298 2892 dere
311 2827 401 2890 dehet
413 2823 560 2908 parochus
573 2831 620 2904 ut,
640 2843 694 2907 per
714 2842 746 2888 se
760 2823 805 2888 vel
819 2844 873 2908 per
891 2827 984 2906 alios,
1005 2829 1198 2894 administret

227 2923 413 2980 sacramenta
433 2915 575 2996 Baptismi
590 2921 619 2976 et
633 2913 834 2991 Poenilentiae3
854 2915 898 2978 sic
910 2915 1093 2980 declaratum
1106 2917 1163 2982 tuit
1178 2923 1197 2982 t
1247 2929 1248 2976 t

228 3008 260 3069 S.
277 3007 308 3067 C.
325 3007 429 3080 Ceno,
448 3021 528 3066 anno
550 3006 638 3078 tara,
655 3007 689 3066 tl
706 3011 778 3082 oct„
793 3003 923 3066 instante
943 3005 974 3068 S.
998 3007 1103 3070 Carolo
1118 3007 1195 3070 Bor·

230 3111 341 3158 romaeo
356 3098 377 3154 ¹.
394 3091 468 3154 Vide
482 3095 514 3154 S.
525 3091 659 3172 Lignor,
674 3090 726 3153 lib.
741 3095 773 3168 6,
788 3100 822 3152 n⁰
833 3093 912 3169 23³3
929 3093 1071 3172 Ferreus,
1086 3107 1117 3156 v·
1131 3095 1195 3159 Po·

259 3263 267 3291 ⁴
286 3256 409 3310 blandarit
427 3255 527 3320 Gregor.
539 3254 590 3306 lllll
603 3271 609 3305 :
622 3275 634 3301 ι
649 3255 796 3306 Scribendas
815 3256 959 3322 simpliciter
974 3258 1067 3310 litteras
1079 3259 1108 3311 ad
1119 3260 1193 3314 Garat.

230 3349 241 3379 r
259 3329 276 3382 S
300 3329 423 3384 t’raxedis,
435 3327 525 3392 quilius
542 3325 693 3392 significetur
710 3327 866 3378 sanctitatem
881 3328 956 3379 Suam
969 3331 1105 3384 decreuisse
1117 3347 1196 3398 poro·

230 3419 241 3450 r
258 3402 317 3452 rhos
336 3408 444 3464 tempure
460 3399 533 3461 pestis
549 3399 649 3448 onrnlno
668 3399 743 3448 teneri
757 3401 899 3450 residerem
917 3401 968 3450 suis
981 3402 1106 3464 ecclesiis,
1120 3419 1195 3470 poss·

230 3490 241 3521 ι
261 3480 341 3521 umen
355 3486 396 3536 per
405 3469 479 3518 alium
498 3469 614 3519 idoneum
628 3469 766 3520 ministrare
777 3477 927 3521 nucamenta
941 3471 1056 3538 Baptisrni
1068 3480 1094 3523 et
1106 3475 1196 3526 Poeni·

231 3561 241 3589 ι
259 3542 355 3592 tantia:
369 3547 393 3590 et
404 3539 425 3590 si
434 3555 482 3590 non
494 3539 637 3600 residerint,
648 3547 733 3592 contra
745 3555 789 3591 eos
797 3542 992 3606 procedendum,
1004 3542 1098 3594 rurali
1111 3545 1194 3598 torm!

232 3631 241 3660 ι
258 3610 377 3682 Trident,
389 3625 450 3664 sess.
462 3611 502 3672 2³,
516 3625 569 3677 cap.
581 3611 605 3660 t.
620 3629 630 3659 s
644 3611 688 3676 tp.
698 3609 725 3666 S,
737 3609 847 3678 ugnos..
859 3611 904 3664 lib.
916 3613 940 3676 t,
954 3625 983 3663 no
993 3613 1048 3665 233.
