2534 3996
208 261 266 326 aso
426 273 564 323 annnam
584 273 684 321 roaros
703 274 786 320 roais
806 274 953 321 mmmm.

208 379 287 441 rario
301 378 406 440 citatus
421 375 483 450 lib„
508 375 597 454 11⁰7).
612 372 687 436 Vide
701 373 791 436 etiam
806 374 920 436 Concil.
938 372 1084 438 Alonion.
1108 392 1184 436 anm

210 470 288 530 {849
303 467 383 546 (pag.
401 469 441 542 5).
643 545 646 554 Ι

248 553 389 617 Carionici
404 553 574 614 omittentes
587 551 772 615 faeerebanc
782 550 851 614 lidei
865 550 1102 632 professionem,
1116 571 1190 632 pen-

211 651 279 706 sant
292 641 456 704 mortaliter
467 642 550 718 juxta
566 642 677 704 multos
691 647 720 703 at
729 639 919 722 gravissimos
932 641 1100 702 auctorest
1115 641 1188 702 Fer·

210 733 290 794 rario
304 731 409 793 citatos
423 727 488 804 (id,
504 741 537 790 n⁰
553 731 610 810 ll).

250 821 336 880 Hane
349 819 484 880 emittere
501 835 561 878 non
574 823 715 880 tenentur
736 816 929 897 coadjutores
942 817 1187 894 canonicorum,

211 925 268 970 neo
292 905 478 980 beneficiati,
503 923 560 967 nec
573 905 715 968 Canonioi
738 906 908 968 Honoratii.
930 906 1006 968 Vide
1022 906 1138 983 Boulis,
1157 915 1188 969 ot

211 995 344 1060 Ferraris
360 993 427 1074 (ab,
446 991 486 1053 n'⁸
501 994 617 1076 30-33).

252 1087 341 1146 Ξ369.
365 1081 423 1144 Sed
437 1082 578 1144 Canonici
592 1089 622 1144 et
636 1081 799 1163 Dignitales
809 1081 942 1144 titulares
955 1081 992 1144 ad
1002 1100 1081 1158 eam,
1093 1081 1191 1145 etiam

214 1171 244 1233 in
260 1170 363 1246 Gallio,
381 1176 533 1232 tenentur.
546 1170 621 1233 Vide
639 1171 735 1232 Bouix
747 1171 802 1247 (De
817 1171 931 1252 Capit„
947 1189 977 1251 p.
994 1173 1073 1245 372).
1097 1173 1194 1232 Nullo

214 1264 311 1340 potest
324 1275 388 1319 esse
402 1256 560 1320 difficultas
570 1257 688 1341 prome
698 1258 862 1335 Provincia,
874 1265 908 1321 ut
918 1266 1034 1321 constat
1043 1275 1080 1321 ex
1089 1259 1192 1322 Cone.

218 1346 363 1409 aventon.
375 1344 466 1408 modo
475 1345 574 1409 citato.

656 1499 676 1579 §
694 1501 744 1560 Vl.

284 1635 328 1697 Dr
341 1633 516 1716 oblipatr'one
528 1631 681 1696 assistendi
695 1631 834 1715 Capituli
843 1631 1112 1695 deliberationidm.

256 1785 344 1844 2370.
368 1782 480 1842 Omnes
495 1785 524 1841 et
537 1779 646 1858 singuli
662 1779 713 1859 qui
728 1797 831 1841 rocem
852 1779 882 1840 in
897 1779 1033 1861 Capitulo
1052 1778 1186 1854 habent,

217 1869 347 1930 obstricti
363 1867 671 1936 suntadordinariaet
683 1867 916 1929 extraordinaria
930 1867 1077 1948 Capitulo,
1093 1873 1191 1932 modo

217 1957 277 2017 sint
290 1955 419 2036 legitime
434 1962 613 2035 congregata
624 1974 631 2014 :
644 1973 713 2016 nam
728 1956 862 2036 Capitula
876 1956 1025 2018 celebrare
1039 2003 1046 2030 ‚
1062 1955 1100 2018 ad
1120 1975 1190 2020 ree-

217 2050 281 2105 tum
296 2042 434 2105 Ecclesiae
450 2044 584 2123 regimen
599 2050 643 2104 est
657 2044 869 2105 necessarium.
887 2047 928 2105 lta
943 2061 1058 2106 omnes.

256 2134 387 2194 JuxtaD.
399 2131 491 2192 Bonix
501 2130 563 2207 (it.
574 2149 605 2212 p.
615 2131 756 2209 3ttilbaeo
768 2131 910 2212 obligatio
919 2131 1074 2194 assimilari
1088 2139 1190 2215 potest

219 2219 391 2300 obligationi
416 2218 507 2280 ebore
530 2219 729 2294 inserviendi;
749 2223 839 2300 porro
862 2221 893 2282 S.
919 2221 1077 2301 Lignorins
1094 2242 1190 2305 supra

218 2310 318 2386 (ttll)
340 2315 374 2369 ut
393 2325 479 2369 reum
500 2307 595 2388 gravis
614 2307 711 2388 culpae
730 2325 790 2368 non
814 2307 903 2370 habet
921 2327 991 2370 eum
1006 2310 1058 2391 qui
1072 2311 1190 2394 absque

217 2397 295 2477 juste
308 2399 397 2458 causi
415 2401 460 2457 ter
473 2403 524 2456 aul
537 2401 641 2477 quater
654 2395 745 2456 choro
762 2395 863 2458 abest:
885 2395 1009 2478 proinde
1023 2399 1133 2461 absens
1147 2403 1190 2463 ob

218 2503 339 2548 oausam
353 2483 560 2546 rationabilem
572 2530 579 2554 ,
591 2483 614 2543 si
626 2483 712 2544 sciret
723 2501 808 2544 suam
818 2484 984 2546 absentiam
997 2486 1114 2548 nullum
1133 2508 1188 2551 no-

219 2580 397 2636 eumenium
410 2587 474 2633 esse
487 2571 657 2636 allaturam.
676 2589 713 2632 ne
727 2572 879 2634 venialiter
895 2572 1018 2652 quidem
1037 2587 1187 2656 peccaret..

218 2665 331 2724 'l'amen
346 2661 425 2723 idem
439 2661 474 2720 li.
491 2659 587 2718 Bouix
600 2658 641 2718 ait
654 2657 711 2720 hoo
724 2677 789 2720 esse
799 2661 1040 2741 restringendum
1054 2664 1091 2724 ad
1103 2666 1190 2748 Capi-

220 2750 280 2811 tula
293 2748 459 2811 ordinaria:
476 2748 548 2828 quia
561 2745 656 2824 major
677 2753 722 2807 est
740 2745 881 2828 obligatio
900 2747 938 2809 ad
951 2751 1186 2817 extraordinaria

220 2835 391 2898 accedendi.

260 2923 405 3005 Obligatio
418 2921 573 2986 assistendi
594 2919 684 2984 interi
696 2921 908 3004 obligationem
925 2929 1119 3007 permanendi
1136 2931 1186 2993 do-

222 3028 277 3076 nee
290 3011 458 3073 absolutum
472 3009 510 3070 sit
527 3010 714 3090 Capitulum:
730 3012 896 3094 eademque
909 3019 997 3094 poent
1012 3017 1187 3081 recedentes

220 3100 333 3180 absque
343 3097 603 3178 legitimationis
613 3099 913 3182 puniripossnntqnt
925 3121 985 3164 non
996 3105 1183 3170 aecedentes.

220 3187 254 3248 ln
268 3187 314 3247 bis
327 3183 506 3247 attondenda
522 3187 747 3268 suntimprimls
754 3189 940 3252 consuetudo
949 3199 979 3252 el
987 3197 1094 3254 statuta
1109 3193 1188 3257 loca-

221 3274 268 3335 lia.
286 3272 409 3349 (Bonis,
425 3271 468 3331 De
479 3271 591 3352 Capit„
607 3273 692 3351 ibid.)

259 3363 348 3421 2371.
371 3357 499 3438 Obligati
515 3360 680 3421 canonicos
696 3360 733 3422 ad
753 3361 952 3428 assistendum
975 3367 1128 3448 capitulo,
1146 3371 1185 3434 ita

221 3453 254 3508 ut
268 3446 383 3526 possint
395 3445 432 3507 ad
447 3446 475 3507 id
490 3447 599 3508 mulcta
621 3447 743 3528 aliisque
764 3451 859 3530 poenis
876 3454 1033 3534 compelli,
1048 3455 1185 3520 decisum

223 3533 347 3593 refertur
367 3550 415 3613 ap.
434 3531 560 3593 Gardell.
579 3535 665 3614 (tom.
686 3541 716 3611 7,
732 3537 764 3596 in
777 3540 923 3620 Appmd„
941 3541 981 3602 n⁸·
1001 3546 1039 3604 32
1053 3549 1081 3603 et
1102 3549 1181 3624 tte).

224 3619 392 3698 llelegenda
404 3628 474 3682 sunt
487 3619 535 3682 blo
545 3638 613 3701 que
627 3622 860 3701 supradiximus
873 3627 911 3690 de
923 3629 1063 3693 vocandis
1075 3630 1114 3691 ad
1127 3633 1184 3696 Ca·
