2550 3992
419 321 506 368 arara
525 319 686 370 aaronem.
979 311 1034 375 ott

67 441 80 480 a
104 418 249 482 ordinem
263 424 293 484 et
305 418 553 500 Matrimonium,
568 420 789 489 condemnata.
804 443 822 486 a
839 424 952 489 concil.
973 427 1039 490 Tri·

63 507 162 578 dent..
178 526 253 572 sess.
268 515 299 587 7,
314 528 382 572 ean.
402 513 429 573 l.

104 599 195 660 atta.
210 632 251 646 -—
263 601 312 660 Ill.
331 602 387 662 Pro
402 597 557 662 iteratione
571 605 830 664 sacramentorum
849 601 880 664 in
894 620 1040 686 casuque

63 684 1040 772 dubiteturdevalidiapplioationemateriaeetionmm,sequcntes

64 775 278 854 regulastradil
288 777 324 838 P.
340 777 435 857 Gury,
448 775 478 836 in
489 793 545 838 suo
556 775 731 858 Compenda'o
744 777 908 860 Theologioe
917 781 1039 844 moralis

65 863 142 946 (edit
155 868 198 935 5¹,
213 869 288 927 tom.
304 869 335 941 2,
351 866 385 926 n⁰
397 866 482 942 atat:

110 975 125 1012 <r
147 957 179 1016 l⁰
192 954 384 1016 Sacramenta
406 953 503 1016 iterari
528 957 655 1035 possunt
675 953 793 1036 quoties
807 955 895 1018 datur
912 955 1039 1020 dubiam

65 1065 81 1101 a
105 1043 238 1124 prudens
262 1042 300 1106 de
322 1043 457 1126 ipsorum
481 1041 580 1104 valore
602 1045 674 1119 (non
699 1043 806 1106 sufficit
827 1044 891 1108 lene
912 1045 1039 1108 dubium

65 1155 82 1189 a
103 1133 187 1210 juxta
201 1134 232 1196 S.
250 1132 386 1214 Ligaun,
400 1131 454 1194 lib.
471 1133 508 1208 6,
524 1140 558 1192 n⁰
574 1134 646 1208 tot)
663 1151 670 1193 ε
686 1132 763 1194 ratio
776 1139 821 1194 ast
834 1133 905 1214 quia
919 1133 943 1194 si
963 1133 1040 1196 forte

66 1245 81 1279 a
106 1225 335 1284 Sacramentum
356 1239 418 1284 non
438 1220 569 1293 valeret,
591 1221 642 1300 qui
662 1219 699 1281 ad
718 1220 793 1284 illud
815 1221 1039 1303 suscipiendum

64 1333 81 1369 a
106 1309 264 1388 accedunt,
279 1312 345 1390 ejus
358 1310 458 1373 fructu
473 1309 700 1390 privarentur...

106 1404 167 1461 »2⁰
177 1399 369 1462 Sacramenta
383 1398 549 1481 generatim
565 1399 662 1460 iterari
680 1418 740 1461 non
756 1405 881 1481 possunt
895 1400 1038 1483 sinapeo-

66 1513 82 1548 ι)
105 1486 1038 1570 catogravi,quandononhabeturdubiumprudensdeeorum

66 1601 82 1634 a
105 1577 230 1641 valore:
255 1578 330 1640 tatio
350 1584 395 1640 est
415 1576 486 1659 quia
509 1575 655 1637 inutiliter
677 1578 800 1658 prorsus
819 1578 997 1639 iterarentur
1010 1586 1039 1640 at

68 1691 82 1724 o
106 1667 150 1729 eis
164 1667 262 1748 gravis
276 1667 385 1748 injuria
400 1667 600 1747 irrogaretur,
616 1665 691 1727 dum
705 1667 737 1727 in
750 1682 863 1728 vanum
875 1665 999 1728 materia
1011 1674 1039 1728 et

65 1778 81 1814 ι
109 1755 207 1818 torma
220 1755 443 1818 sacramentalis
457 1754 690 1836 applicarentur.

106 1847 179 1906 »3⁰
207 1847 400 1908 Sacramenta
429 1843 522 1924 repeti
548 1841 661 1904 debant
689 1840 824 1924 quoties,
847 1842 945 1925 posito
966 1862 1038 1927 pru·

66 1957 80 1993 o
106 1933 189 1996 denti
204 1933 297 1997 dubio
310 1932 348 1997 de
362 1951 467 1997 eorum
480 1931 594 2008 valore,
610 1930 641 1992 id
649 1931 785 2012 'postulat
797 1931 915 2010 caritas,
927 1933 1040 2012 justitia

66 2049 80 2084 a
105 2031 135 2086 et
150 2023 292 2105 religioe
307 2022 378 2104 quia
388 2021 508 2084 auilites
522 2021 722 2098 sacramenti,
739 2020 763 2082 si
773 2019 850 2083 torte
863 2019 996 2099 adesset,
1008 2023 1038 2084 in

67 2139 81 2172 a
108 2111 255 2174 damnum
271 2111 398 2194 proximi
418 2117 448 2172 et
461 2107 623 2190 aliquando
641 2109 672 2170 in
694 2115 899 2191 contemptum
922 2116 952 2172 et
964 2110 1041 2175 irre·

65 2225 80 2260 a
106 2201 271 2264 verentiam
293 2199 447 2282 religionis
469 2197 599 2260 cederet.
620 2195 679 2260 Sed
700 2196 903 2262 conditionate
922 2201 1039 2263 tantum

66 2313 81 2350 a
106 2297 180 2353 tunc
193 2289 355 2372 repetenda
369 2294 455 2366 sunt,
472 2292 507 2348 ut
518 2289 692 2350 reverentia
706 2287 891 2351 Sacramenti
904 2289 1040 2352 consula·

65 2401 81 2440 a
107 2386 167 2442 lun.
182 2380 272 2457 t'oit,
288 2395 322 2440 n·
335 2382 412 2442 29...

106 2467 304 2532 »Resolvcst

106 2577 122 2618 a
143 2561 172 2620 l⁰
186 2557 315 2622 Facilitas
324 2553 460 2619 iteranda
473 2557 544 2618 sunl
557 2555 750 2617 Sacramenta
762 2555 860 2636 magis
873 2555 1040 2619 necessaria

64 2667 80 2708 o
106 2653 137 2710 ei
159 2665 228 2728 qua
254 2645 347 2710 semel
368 2647 486 2708 tantiam
504 2641 720 2722 conferuntur,
735 2643 849 2708 scillcet
873 2645 1041 2725 Baptismus

65 2759 80 2796 a
106 2742 136 2798 et
159 2736 264 2799 Ordo:
284 2735 401 2798 etiamsi
416 2751 471 2816 pro
492 2731 593 2796 valore
611 2733 794 2794 Sacramenti
815 2731 924 2794 militat
945 2733 1041 2796 multo

65 2848 81 2884 a
108 2826 205 2905 major
216 2824 407 2907 probabilitas
421 2827 527 2886 eontra
535 2821 666 2884 rationes
674 2820 766 2884 dubie
777 2821 966 2885 auttenuiter
974 2839 1042 2905 pro·

66 2935 81 2974 o
107 2914 222 2976 babilas
236 2913 267 2977 in
278 2912 462 2996 oppositum.
477 2912 521 2972 Ita
535 2909 748 2973 communiter.

107 3023 123 3063 o
149 3007 181 3066 2⁰
204 3001 376 3086 Repetenda
401 3007 446 3063 est
467 2998 615 3062 absolutio
637 2998 669 3060 in
692 2998 888 3080 prenitentem
910 2999 943 3063 in
963 3006 1041 3067 statu

65 3115 80 3154 o
106 3094 221 3176 peccati
245 3091 380 3155 mortalis
403 3096 591 3164 versantem,
607 3088 631 3151 si
650 3088 815 3171 prudenter
836 3087 987 3153 dubitetur
1004 3092 1041 3155 da

66 3206 81 3242 a
107 3181 275 3264 prolatione
292 3181 392 3242 debita
410 3179 532 3255 formm3
548 3177 573 3240 si
587 3183 688 3240 autem
706 3177 855 3259 poenitens
874 3181 987 3243 nonsit
1010 3182 1039 3243 in

66 3295 81 3332 a
110 3279 189 3334 statu
218 3269 331 3352 peccati
354 3267 503 3342 mortalis,
528 3265 656 3329 formam
679 3273 814 3350 repetere
837 3285 958 3328 necesse
980 3285 1039 3332 non

66 3383 82 3422 a
108 3361 181 3437 erit,
205 3361 276 3423 ciam
299 3359 327 3421 ci
349 3355 526 3421 communio
548 3355 679 3438 permitti
695 3357 836 3438 potuisset
860 3355 934 3436 quin
959 3355 1039 3436 prius

66 3471 82 3514 a
108 3449 321 3512 absolveretur.

107 3561 124 3600 a
148 3541 182 3601 3·
194 3539 329 3602 Minister
342 3535 395 3620 qui
410 3535 513 3598 leviter
530 3533 667 3611 dubitat,
680 3537 837 3615 nesortqua
857 3549 912 3596 cur
923 3531 1041 3613 timeat,

68 3651 83 3692 a
110 3635 163 3692 aut
180 3629 280 3690 solum
298 3645 361 3690 non
377 3624 551 3690 recordatur
566 3623 676 3686 aeneae
693 3639 727 3686 se
743 3624 833 3686 verba
852 3622 956 3686 iormae
973 3641 1041 3705 pro·

69 3741 85 3782 a
109 3718 283 3796 nundasaa,
305 3714 470 3780 mortaliter
488 3731 546 3790 per
566 3732 596 3775 se
613 3719 720 3786 peceat
737 3710 763 3773 ai
783 3711 913 3774 somnam
936 3711 1040 3790 iteret,
