2528 3996
476 280 562 327 arnan
583 281 701 327 rnrnus.
1020 267 1077 326 517

98 375 190 437 nibus
202 395 270 457 quta
285 377 316 440 in
331 379 439 458 magud
455 389 526 443 sunt
539 381 731 445 ueneratione
747 381 827 464 apud
844 379 1012 462 populant,
1028 389 1077 444 aut

96 463 156 526 atta
179 464 217 528 de
239 470 330 530 eausa
356 469 458 551 magni
485 470 571 552 pretii
595 470 756 534 habentur.
783 470 858 531 Vide
877 469 1013 532 similiter
1027 471 1077 532 de-

95 554 194 616 cisum
210 555 323 636 (itia).

143 646 251 708 «tura
274 667 397 732 quoque
421 649 598 731 incorporea
618 647 859 730 iurisdictionem
882 648 927 711 vel
943 652 1077 731 praeemi-

96 755 113 792 »
140 735 285 814 nentiam,
305 738 423 802 aliudve
434 739 484 819 jus
498 738 701 802 honorificum
715 738 969 801 concernentia.»
987 740 1073 804 Card.

96 825 141 885 De
154 825 234 886 Luca
251 827 342 908 (apud
352 827 465 906 Bouix,
482 826 535 902 ta,
549 845 579 909 p.
597 829 676 908 296).

138 917 227 976 eata.
240 947 278 962 —
292 920 324 978 6ο
339 919 417 979 Sunt
430 935 519 981 casus
533 918 565 978 in
579 917 690 998 quibus
702 917 793 980 etiarn
808 919 937 999 pecunia
949 919 1073 984 alienari

97 1003 204 1082 nequit
215 1003 328 1087 absque
343 1003 533 1089 Beneplaeito
550 1006 740 1086 Apostolico;
756 1005 878 1068 illorum
888 1011 1074 1072 enumeratio

96 1090 189 1153 rideri
206 1100 302 1174 potest
316 1095 396 1176 apud
412 1095 506 1158 Bouix
522 1093 587 1174 (ib,
604 1096 808 1176 15296294),
824 1095 876 1177 qui
891 1095 972 1158 addit
986 1117 1074 1178 posse

93 1181 257 1261 pecuniam
277 1184 416 1246 collocari
442 1183 521 1267 apud
545 1183 733 1246 Gubernium
756 1185 870 1266 absque
890 1203 1013 1248 recursu
1035 1188 1073 1250 ad

94 1269 205 1332 sedern
224 1273 435 1353 apostolicam,
446 1274 517 1354 quia
527 1273 570 1335 sie
583 1273 725 1336 collocata
737 1292 799 1334 non
813 1281 953 1336 censetur
963 1275 1071 1341 habere

91 1358 327 1424 destinationem
349 1361 589 1440 immutabilem,
611 1363 682 1424 cum
710 1379 829 1445 semper
849 1365 943 1444 possit
962 1364 1067 1430 retrahi

97 1447 245 1530 (ibr'drni.)

136 1541 224 1600 2919.
241 1573 279 1588 -
292 1547 325 1604 7⁰
338 1541 437 1604 Etiam
451 1541 647 1604 alienationes
666 1541 744 1604 inter
756 1547 922 1604 conventus
935 1543 1070 1622 ejusdem

94 1625 215 1690 Ordinis
230 1631 426 1711 probibentur
439 1631 553 1713 absque
568 1630 688 1693 lieentia
702 1633 734 1692 S.
751 1631 837 1693 Sedis
852 1651 859 1690 :
884 1633 973 1693 Sacra
988 1634 1069 1696 enirn

94 1717 243 1799 Congreg.
274 1721 387 1783 Concil.
415 1721 551 1783 consulta
574 1743 589 1779 5
614 1723 658 1780 dn
685 1719 881 1782 alienationes
906 1719 1070 1801 dequibus

93 1829 108 1866 a
134 1809 232 1888 agitur
247 1808 277 1872 in
299 1811 424 1874 Decreta
436 1809 474 1871 de
489 1809 579 1871 rebus
598 1808 782 1889 regularium
807 1827 869 1870 non
883 1809 1067 1888 alienandis,

90 1919 106 1956 a
133 1907 283 1978 quatenns
298 1901 374 1962 inter
389 1899 570 1962 monasteria
584 1897 720 1978 ejusdem
735 1897 875 1971 Ordinis,
897 1905 927 1961 et
945 1899 1068 1979 quidem

90 2009 106 2044 a
133 2005 203 2048 eum
218 1988 374 2070 utriusque
388 1989 592 2051 contrahentis
612 1987 783 2049 monasterii
805 1987 948 2065 utilitate,
972 1987 1066 2065 llam,

90 2097 108 2134 a
134 2075 172 2136 ita
185 2077 342 2157 probibitae
356 2085 385 2139 et
399 2077 563 2139 interdictae
578 2083 777 2154 censeantur,
793 2083 826 2139 ut
847 2077 961 2157 absque
984 2079 1067 2142 Sacri

91 2187 106 2223 a
132 2167 281 2247 Congreg.
294 2166 521 2248 licentitperirci
532 2165 844 2247 nonpossint3subdie
854 2171 891 2226 2“1
901 2165 975 2228 febr.
990 2172 1066 2231 1666

91 2255 305 2336 nrmpondit:
334 2255 372 2318 ita
393 2273 458 2318 esse
485 2255 677 2338 prohibita.»
707 2257 803 2326 Quam
832 2255 1067 2320 declarationem

92 2344 305 2408 Sanctissimus
328 2345 489 2427 probarit:
518 2352 684 2408 conventus
706 2343 789 2405 enirn
813 2345 903 2406 etiarn
927 2347 1066 2424 ejusdem

91 2434 213 2496 Ordinis
239 2442 308 2498 sunt
335 2442 437 2497 tamen
466 2433 591 2514 collegia
618 2434 777 2510 distincta,
809 2433 848 2492 ita
876 2439 909 2494 ut
935 2443 1066 2514 nequeat

91 2523 235 2587 Praelatus
248 2525 395 2606 regularis
409 2523 542 2586 redditus
562 2523 762 2585 exuberantes
782 2519 873 2582 unius
892 2524 1065 2586 monasterii

89 2622 263 2676 convertere
278 2613 309 2675 in
323 2613 505 2677 solutionem
514 2611 685 2674 debitorum
699 2609 831 2672 alterius.
843 2611 887 2672 Ita
896 2610 927 2672 S.
939 2611 1063 2693 Ganga,

88 2708 127 2764 27
140 2703 205 2781 julii
222 2707 310 2765 latr.

130 2797 218 2856 2620.
247 2795 339 2856 Secus
358 2797 461 2856 tamen
482 2796 528 2854 est
547 2789 732 2868 dicendum,
754 2789 877 2872 quando
899 2795 1065 2854 conventus

88 2881 215 2944 unicum
230 2881 361 2944 efficiunt
375 2899 485 2964 eorpus
499 2879 608 2944 sociale
616 2877 672 2941 sub
687 2879 975 2956 GeneraliPraela103
993 2887 1065 2944 tune

88 2989 125 3032 ex
140 2972 295 3035 communi
311 2975 426 3050 massa,
443 2971 556 3052 absque
572 2971 603 3032 S.
625 2969 710 3030 Sedis
735 2967 939 3049 beneplacita,
960 2970 1065 3034 subve-

88 3061 146 3122 niri
175 3068 272 3142 potest
298 3060 497 3123 conventibus
523 3058 738 3140 indigentibus.
768 3057 843 3121 Vide
871 3059 982 3138 Bouix,
1019 3061 1064 3122 De

87 3149 247 3229 deq-atlon,
262 3156 337 3212 torn.
349 3155 385 3224 2,
403 3169 432 3230 ρ.
450 3151 591 3211 aaa-aaa.

127 3235 217 3292 2621.
239 3233 350 3294 Praeter
373 3229 601 3310 beneplacitum
626 3227 855 3309 ,apostolicum
879 3235 994 3291 certum
1019 3235 1064 3292 est

85 3319 213 3401 insuper
225 3320 337 3401 requiri
352 3319 390 3382 ad
410 3319 547 3400 praelatas
567 3317 779 3390 alienationes,
799 3335 921 3380 causam
942 3319 1062 3378 necessi-

86 3409 177 3482 tatis,
194 3410 241 3470 oet
253 3407 452 3470 evidentissea
466 3415 554 3469 eertae
567 3407 729 3468 utilitatis:
744 3405 817 3469 illud
831 3411 949 3468 constat
958 3425 993 3468 ex
1009 3409 1064 3469 De·

85 3498 188 3560 cretati
204 3497 379 3560 Ambitiosa
399 3516 490 3579 supra
509 3497 621 3574 relata,
642 3513 711 3577 quae
725 3513 787 3558 non
811 3494 868 3557 tutt
885 3494 983 3578 quoad
1005 3495 1062 3559 boc

85 3595 234 3652 revocata.
252 3587 375 3666 (Rouin,
391 3585 445 3664 aa,
462 3606 492 3667 p.
508 3585 666 3663 296301.)

67 3741 69 3744 ,
127 3681 215 3739 asna.
233 3675 355 3747 Quaerit.
371 3680 404 3740 2ο
419 3679 466 3736 An
480 3679 563 3736 extra
582 3674 696 3736 ltaliam
721 3673 854 3754 obligare
872 3673 994 3738 desierit
1013 3675 1061 3738 lex
