2534 3996
487 239 572 284 crasa
593 238 712 284 carnos.
1032 220 1087 283 stt

156 340 246 400 aaut.
270 339 374 412 Quoad
389 357 494 422 planas
507 339 577 401 verd
591 337 630 400 ab
643 337 793 419 Episcopo
808 335 1008 418 infligendas:
1024 336 1093 399 licet
1122 331 1126 341 '

116 427 155 490 ab
169 445 226 502 eo,
248 427 272 489 si
287 446 378 490 causa
392 427 506 497 subsit.
531 426 642 508 singuli
665 426 809 489 Canonicr
830 425 946 507 possint
967 427 1093 487 seorsim

116 515 395 594 excommunicari,
421 515 591 596 Capitulum
614 523 716 578 tarnen
740 533 802 578 non
827 521 924 596 polest
947 520 1043 576 totum
1065 521 1095 576 et

118 605 311 687 collegialiter
325 605 381 668 hte
402 605 599 667 anathematis
621 607 710 686 poent
731 603 886 681 innodari,
910 603 967 666 nisi
982 606 1000 666 a
1014 604 1094 684 Papa
1139 637 1142 646 ·

119 698 237 756 tantiam
259 713 266 755 ε
290 712 377 757 secus
397 701 443 756 est
464 693 627 757 dicendum
645 693 684 756 de
702 692 910 776 suspensionis
931 698 983 756 sut
1006 693 1096 755 inter-

120 781 190 844 dicti
205 785 306 864 poena,
315 783 358 845 uti
371 781 459 861 infru,
470 782 626 846 tractando
640 781 678 846 de
691 782 837 858 censuris,
853 781 962 845 dicturi
976 800 1093 844 sumus.

120 871 391 934 -Obserrandum
400 877 446 936 est
458 877 561 935 autem
575 871 613 934 ab
623 873 742 935 Extrav.
755 870 883 934 Provide
893 919 901 948 ,
912 870 1095 952 prohibitum

121 959 214 1022 luisse
224 979 262 1022 ne
271 978 408 1024 censurae
418 961 574 1042 generales
581 959 764 1024 inferrentur
770 979 826 1042 pro
835 959 937 1022 debito
951 957 1095 1041 pecunia-

121 1049 189 1128 rio,
213 1049 318 1112 nisi⁴de
332 1048 453 1112 b'eentid
473 1049 610 1132 expressi
624 1049 658 1112 S.
674 1049 760 1112 Sedis
776 1069 786 1110 .·
802 1048 884 1112 unde
898 1066 936 1111 ex
958 1047 1008 1110 tali
1030 1066 1096 1109 mo-

122 1138 200 1218 tivo,
215 1138 270 1201 etsi
292 1139 402 1220 singuli
422 1139 564 1201 Canonici
580 1139 696 1220 possint
714 1137 879 1221 suspendi,
893 1137 939 1201 vel
961 1136 1097 1200 interdici

123 1225 237 1310 absque
252 1229 283 1290 S.
300 1227 385 1290 Sedis
402 1227 543 1306 licentia,
559 1227 729 1310 Capitulum
746 1233 849 1290 tamen
862 1275 871 1302 ,
886 1233 921 1290 ut
933 1229 978 1290 sic
998 1245 1052 1290 seu
1066 1232 1099 1288 ut

123 1317 306 1398 collegium,
332 1335 394 1378 non
415 1317 515 1379 solbm
539 1335 600 1378 non
624 1323 721 1399 potest
742 1315 1020 1391 excommunicari,
1046 1314 1097 1377 sed

124 1424 182 1468 nec
196 1404 339 1487 suspendi
358 1413 409 1468 aut
431 1405 578 1469 interdici.
595 1407 639 1468 lta
658 1404 829 1469 Andreueci
842 1453 851 1485 ,
865 1425 915 1488 up.
931 1408 967 1468 D.
984 1405 1095 1480 Bouix,

125 1495 171 1560 De
187 1495 301 1578 Capit„
319 1515 349 1577 p.
365 1499 436 1557 295.

167 1589 256 1648 2305.
274 1583 400 1656 Quando
414 1583 597 1665 Capitulum,
609 1585 669 1665 qut
681 1584 760 1662 tale,
780 1584 991 1665 suspenditur,
1006 1593 1099 1663 lunc,

126 1672 184 1736 nisi
198 1673 384 1737 contrarium
400 1673 430 1734 iu
450 1673 598 1735 sententia
618 1681 669 1735 aut
689 1673 720 1734 in
732 1675 800 1752 iure
817 1673 1022 1754 exprimatur,
1037 1674 1101 1738 haee

126 1763 287 1844 suspensio
297 1761 472 1844 intelligitur
487 1762 544 1824 lata
558 1762 589 1823 in
603 1762 774 1843 Capitulum
784 1771 817 1824 ut
830 1764 1032 1825 communitas
1046 1769 1100 1840 est,

127 1851 169 1914 ita
182 1859 215 1914 ut
227 1851 326 1914 solum
340 1853 455 1933 Corpus
469 1851 595 1933 Capituli
610 1899 617 1928 ,
636 1869 696 1912 non
711 1851 782 1913 rerd
797 1852 906 1933 singuli
921 1853 1101 1934 Capitulares

127 1941 147 2002 d
165 1941 227 2004 suis
249 1941 379 2024 propriis
397 1939 503 2002 officiis
525 1947 576 2002 aut
590 1939 745 2003 beneficiis
766 1939 999 2021 suspendantur.
1015 1941 1102 2006 Unde

126 2035 249 2104 turer.
262 2029 629 2112 g.,privarcnturquidem
638 2029 780 2092 Canonici
788 2029 934 2092 fructibus
944 2029 1102 2092 benelicio

128 2137 200 2182 rum
209 2120 345 2200 Capitulo
355 2119 526 2194 unitorum,
538 2119 562 2181 si
578 2120 736 2201 suspensio
750 2124 829 2180 esset
842 2121 859 2180 a
870 2118 1029 2194 beneficio,
1042 2137 1102 2180 non

128 2209 202 2271 verb
212 2208 356 2271 fructibus
366 2209 494 2271 aliorum
504 2207 733 2286 beneficiorum,
745 2209 770 2270 si
781 2227 850 2289 quae
861 2207 936 2268 sorte
946 2205 1101 2270 haberent.

128 2301 205 2360 ltem
219 2306 302 2360 actus
311 2297 538 2377 jurisdictionis,
549 2298 572 2358 si
584 2297 741 2376 suspensio
752 2306 828 2359 esset
839 2296 994 2372 abofficio,
1005 2303 1104 2360 essent

129 2387 274 2465 invalidi,
293 2395 442 2468 quatenus
459 2389 477 2447 a
497 2385 624 2466 collegio
644 2387 866 2449 Canonicorum
888 2385 1103 2466 procederent,

132 2477 454 2556 uonrerbquatenusb
465 2474 938 2556 singulisCanonicis;sitandam
949 2476 1105 2556 suspensio

130 2572 212 2629 essct
225 2567 243 2628 d
256 2564 364 2626 diuinis
382 2564 570 2645 simpliciter,
587 2563 795 2646 prohiberetur
814 2563 949 2644 Capitulo
968 2581 1105 2627 exercere

130 2672 169 2718 ca
182 2653 279 2716 olllcia
292 2652 393 2716 divina
406 2660 475 2735 quae
494 2653 591 2715 solent
605 2656 622 2715 a
635 2653 789 2734 Capitulo,
805 2655 866 2733 qua
880 2653 946 2730 tali,
961 2653 1105 2716 exerceri.

173 2747 263 2807 2306.
280 2744 323 2805 Ex
336 2762 403 2826 cap.
420 2741 576 2818 Dolentes,
591 2741 625 2804 de
643 2741 748 2804 celebr.
763 2741 857 2818 miss,
877 2743 965 2823 poend
980 2761 1106 2824 suspen·

132 2833 226 2896 sionis
240 2833 340 2916 puniri
362 2839 488 2914 possunt
505 2831 578 2894 certi
595 2831 728 2894 defectus
746 2831 777 2892 in
796 2831 993 2914 persolvendo
1006 2831 1106 2894 divino

133 2921 232 2985 officio
252 2921 424 3000 commissi3
450 2919 561 3003 quibus
580 2919 648 2983 addi
664 2928 790 3002 possunt
803 2921 866 2998 (sed
882 2940 942 2983 non
957 2920 1044 3000 ultra)
1058 2921 1105 2984 alii

131 3011 269 3075 delectus
282 3019 388 3074 contra
402 3010 563 3073 Rubricam
576 3057 584 3087 ,
599 3016 724 3083 statuta,
740 3011 785 3072 uel
801 3010 965 3074 laudabiles
978 3029 1106 3075 consue·

131 3101 276 3164 tudinis:
291 3119 422 3182 quorum
436 3100 614 3174 violatores,
629 3101 652 3161 si
668 3099 706 3161 de
720 3099 766 3162 his
783 3101 953 3181 episcopale
967 3101 1106 3165 Edictum

131 3190 223 3252 fixerit
237 3197 413 3252 emanatum
424 3198 452 3253 et
463 3189 574 3272 patenti
583 3189 648 3252 loco
661 3189 691 3250 in
705 3189 840 3252 Sacrario
849 3190 983 3264 allisum,
994 3190 1107 3270 absque

132 3279 192 3342 alia
207 3279 389 3356 monitione,
405 3281 603 3361 suspensione
618 3278 705 3360 plecti
720 3286 866 3360 possunt,
882 3281 947 3341 sint
966 3298 1107 3361 processu

132 3375 209 3433 etex
219 3370 282 3430 sola
294 3368 656 3432 inlormattconscientit.
669 3369 742 3430 Vide
752 3367 907 3432 Monaeelli
919 3370 982 3449 (ap.
1000 3368 1106 3446 ltouix,

133 3457 180 3520 De
201 3456 316 3540 Cupit,
338 3477 369 3540 p.
393 3462 481 3535 296),
496 3459 547 3540 qui
569 3459 613 3521 sie
633 3457 722 3522 babet
737 3477 745 3519 ε
761 3465 795 3522 ut
817 3467 1019 3538 transgressor
1039 3476 1106 3539 cap.

133 3545 273 3612 Dolentes
289 3545 348 3612 dici
362 3546 451 3610 debet
464 3549 515 3629 qui
534 3555 629 3630 apost
646 3548 867 3629 evulgationem
881 3546 977 3608 Edisti
992 3546 1107 3626 episeo-

132 3659 150 3698 ι
173 3637 250 3719 palis
267 3654 359 3722 super
375 3637 454 3700 illius
471 3635 675 3716 obseruatis,
688 3637 801 3720 pluries
818 3643 979 3719 punctatus
991 3652 1054 3697 non
1075 3649 1108 3693 ss
