2528 3996
209 188 266 251 598
431 201 569 251 urrunnu
589 201 690 248 rorrus
708 199 791 247 runos
812 198 960 246 cxromcr.

208 303 307 364 Status
330 307 360 365 el
377 302 498 365 aliunde
517 302 631 364 nemini
648 301 680 363 dt
693 301 814 380 injuria.
834 300 910 364 Vide
924 299 1004 383 opud
1021 303 1058 363 u.
1085 303 1179 368 Bouix

208 389 305 469 (ibid,
322 411 352 473 p.
367 394 520 471 sir-alr).
566 385 627 449 Sed
640 383 685 450 Cl'.
703 393 787 466 App.
809 388 868 450 lll.

648 549 666 629 a
685 549 733 612 ru.

230 687 273 748 De
286 685 432 768 redipiosl's
449 684 616 748 solemniter
633 685 774 767 professis
792 682 990 746 obtinentibus
1010 685 1161 748 Indultun

442 783 632 865 Pontificium
646 782 678 843 io
695 781 798 844 secolo
811 781 944 862 dependi.

249 945 339 1004 3094.
361 941 493 1002 Durante
503 938 668 1020 praesertim
680 937 778 1020 aliqud
792 937 913 999 Ordinis
927 937 1057 1001 violente
1070 939 1183 1023 disper-

210 1030 295 1093 sione
306 1074 317 1106 ,
330 1045 366 1090 ec
383 1028 474 1088 etiam
494 1026 658 1089 identidem
680 1027 710 1088 in
725 1025 790 1088 aliis
803 1025 938 1105 casibus,
955 1027 1094 1090 Pontifex
1117 1047 1184 1092 con

210 1117 289 1178 cedit
300 1115 446 1197 religiosis
460 1121 513 1195 ut,
527 1115 598 1180 licet
614 1115 712 1178 adbuc
724 1113 806 1196 ligati
821 1114 1011 1178 solemnitate
1024 1123 1183 1194 votorum,

210 1204 327 1286 possint
339 1205 370 1266 ln
389 1205 499 1268 seculo
519 1204 629 1287 degere
642 1222 713 1267 cum
727 1203 909 1285 obligatione
923 1203 1086 1268 obediendi
1102 1207 1184 1270 loco·

210 1311 279 1356 rum
293 1292 458 1355 Ordinariis
471 1298 616 1374 tanquam
630 1293 759 1376 propriis
773 1293 1004 1374 Superioribus,
1020 1303 1052 1356 et
1075 1302 1110 1358 ut
1130 1297 1184 1358 sub

211 1400 317 1445 eorum
332 1382 479 1464 regimine
495 1383 611 1444 valeant
624 1382 743 1464 explere
757 1383 838 1444 varia
852 1382 1053 1444 ecelesiastica
1069 1387 1183 1448 nrunia.

252 1473 335 1534 Pelet
354 1477 456 1534 sutem
479 1471 650 1552 hujusmodi
673 1470 829 1552 religiosos
849 1471 979 1533 rnultirm
1004 1471 1132 1535 differre
1151 1475 1186 1536 ab

212 1561 334 1640 ejectis,
350 1567 380 1622 et
392 1579 462 1623 cum
477 1561 521 1623 eis
539 1579 600 1623 non
619 1577 684 1622 esse
707 1559 937 1623 contundendos
955 1580 962 1620 :
979 1559 1010 1622 in
1026 1561 1103 1644 ipsis
1119 1581 1186 1644 per-

213 1657 313 1711 manet
330 1655 393 1711 tota
412 1649 542 1731 religiosi
562 1652 662 1712 Statds
680 1655 710 1712 et
728 1649 871 1712 solemnis
891 1649 1088 1731 professionis
1105 1651 1187 1714 subs

212 1739 318 1814 tantia;
334 1744 493 1801 remanent
505 1737 630 1801 dominii
653 1739 810 1820 incapaces
822 1757 858 1801 uc
873 1738 1002 1820 proinde
1016 1741 1121 1802 testari
1137 1761 1187 1804 ne·

213 1835 347 1908 queunt:
370 1827 422 1890 sed
442 1845 498 1909 pro
518 1845 602 1890 novae
624 1827 805 1890 conditionis
826 1827 1013 1908 indigentie,
1035 1829 1113 1911 ipsis
1128 1847 1185 1892 non

212 1921 357 1998 tunquam
374 1915 526 1996 dominis,
546 1916 598 1979 sed
616 1923 761 1999 tanquam
779 1917 871 1979 meris
892 1915 1182 1981 administratoribus

213 2005 386 2068 conceditur
404 2004 527 2068 incultas
549 2005 697 2085 generalis
714 2005 817 2068 utendi
836 2005 926 2068 rebus
947 2007 1186 2088 temporalibus,

213 2099 303 2172 prout
315 2112 391 2174 opus
405 2093 524 2156 habent.
541 2096 677 2175 lpsorum
688 2095 766 2157 bona
781 2113 841 2156 non
857 2094 894 2156 ad
909 2094 1046 2157 haercdes
1058 2143 1068 2171 ,
1082 2096 1138 2158 sed
1154 2095 1188 2157 ad

215 2181 369 2242 Camenam
395 2183 594 2262 Apostolicam
618 2185 781 2267 pertinent;
805 2183 886 2246 unde
912 2185 942 2246 in
968 2183 1043 2246 locis
1067 2184 1122 2247 ubi
1146 2185 1190 2248 lex

213 2269 306 2330 civilis
327 2269 376 2332 ills
394 2269 563 2335 haeredibus
581 2273 700 2350 tribuit,
722 2273 759 2336 ad
781 2272 890 2336 Sedem
914 2269 1124 2354 Apostolicam
1145 2276 1190 2336 isli

215 2376 367 2420 recurrere
389 2359 499 2422 debent
525 2369 557 2424 ut
578 2362 694 2443 possint
717 2362 748 2424 in
776 2362 959 2425 conscientie
981 2361 1192 2426 lreoredilalem

214 2465 361 2529 occupare
375 2455 405 2512 et
421 2450 559 2513 relinere.
572 2450 646 2514 Vide
665 2451 723 2514 ulia
737 2455 818 2533 apud
832 2452 868 2512 D.
886 2450 981 2514 Bouix
995 2451 1051 2532 (lte
1065 2451 1192 2534 Reput,

216 2541 287 2598 tom.
299 2540 329 2616 2,
344 2556 375 2620 p.
391 2541 544 2618 tlt-tle).

654 2682 673 2763 ξ
691 2683 741 2745 lv.

302 2815 549 2898 Derelipiosr'sod
559 2813 653 2877 oliam
668 2815 849 2898 Relipr'onem
866 2817 1097 2884 transemundus.

253 2967 341 3027 3095.
364 2967 436 3027 lure
458 2965 634 3044 communi,
655 2967 696 3029 uti
718 2985 807 3049 supra
821 2967 952 3032 diximus
966 2972 1197 3056 (eoos-2607).

216 3051 327 3115 licitum
355 3060 398 3115 est
422 3053 587 3135 religiosis,
617 3055 738 3118 servetis
764 3057 935 3136 servandis,
964 3061 982 3122 d
1010 3059 1124 3124 laxiori
1159 3067 1198 3126 sd

213 3143 370 3203 arctiorem
385 3141 570 3222 Religionem
584 3145 734 3207 transire:
754 3155 869 3209 constat
889 3166 926 3210 ex
945 3149 1068 3212 Constit.
1091 3153 1193 3215 luno·

213 3229 301 3292 centii
313 3231 350 3290 lll
363 3231 433 3290 anni
453 3235 524 3292 itit
536 3235 611 3314 (cap.
628 3234 722 3305 Licet,
735 3233 770 3298 de
784 3236 960 3318 repulerit.)
971 3257 978 3297 :
990 3239 1072 3301 unde
1082 3239 1199 3318 hujus-

214 3317 293 3379 modi
308 3319 448 3382 transitus
462 3319 603 3403 denegari
619 3343 679 3385 non
694 3325 782 3387 debet
795 3325 822 3388 ci
836 3327 889 3408 qui
904 3346 967 3388 eum
979 3347 1045 3389 oum
1059 3329 1199 3392 bunio·-

215 3413 274 3466 tote
286 3426 320 3468 oe
331 3409 463 3489 puritate
472 3410 594 3472 duxerit
600 3413 818 3493 postulandum,
835 3423 937 3477 utnon
951 3415 1019 3498 ficti·
1041 3417 1092 3480 red
1104 3419 1196 3490 uere,

213 3492 253 3554 od
263 3495 380 3577 [rupem
398 3499 528 3561 oretion's
547 3501 618 3562 vr'toe
640 3503 738 3566 voleat
752 3503 975 3588 trousmiprore.
999 3505 1081 3569 Telis
1095 3528 1198 3590 erpo,

215 3581 312 3664 inquit
325 3585 459 3650 Pontifex
475 3587 581 3666 (ibid),
593 3599 748 3672 postquam
764 3593 925 3658 dProeloto
945 3613 995 3658 suo
1009 3599 1200 3662 transeundi
