2522 3992
193 237 250 300 166
407 248 545 294 ursulus
564 249 666 296 rorrus
685 249 767 297 runrs
788 249 937 299 exnorucr.

228 365 288 427 quo
302 345 488 410 conditiones
503 347 661 427 requisitas
671 349 755 428 juxta
770 349 945 412 monasterii
967 347 1048 410 illius
1061 351 1095 411 et
1108 349 1175 411 Or-

189 455 204 494 r
228 435 307 498 dinis
327 434 484 518 regulam,
509 453 628 497 necnon
643 438 860 500 monasterium
882 437 971 500 luerit
993 438 1176 518 idoneum,

190 545 204 580 o
229 523 321 586 libore
335 524 362 587 ei
377 524 508 606 profiteri
524 524 619 587 liceat.
644 525 737 604 Cujus
756 526 948 607 professionis
967 534 1112 608 tempus,
1130 545 1178 591 ne

190 635 204 672 o
229 615 395 695 Episcopus
418 614 550 690 ignoret,
575 620 712 675 teneatur
732 614 875 679 Praeleeta
894 615 1079 678 monasterio
1095 634 1178 678 eum

191 723 205 762 r>
230 708 300 764 ante
315 720 452 764 mensem
465 702 625 784 certiorem
638 701 747 764 lacere.
764 703 850 774 Oodd
865 704 889 766 si
904 703 1046 766 Praiecta
1060 706 1179 766 certio-

191 813 205 848 »
232 809 296 854 rem
311 791 493 873 Episcopum
509 809 571 852 non
594 790 711 868 iecerit,
727 792 873 872 quamdin
886 793 1037 875 Episcopo
1051 793 1174 855 ridebi-

192 902 206 938 ι)
231 885 301 953 tur,
317 880 355 942 ab
368 878 467 941 ollrcio
482 897 626 960 suspensa
642 879 715 941 sit.»

231 974 320 1031 2726.
345 968 441 1030 Hodie
462 967 526 1029 dari
553 969 658 1050 nequit
680 987 768 1032 casus
797 969 906 1051 puellae
934 969 1071 1032 habitum
1101 979 1179 1036 anto

193 1063 230 1120 {E
241 1075 355 1120 annum
365 1056 566 1138 suscipientis,
578 1058 649 1138 quia
659 1058 816 1120 intervenit
828 1061 985 1121 Decretum
996 1060 1028 1120 S.
1038 1060 1071 1120 G.
1088 1063 1179 1141 Epis·

192 1165 259 1228 cop.
290 1153 320 1207 et
341 1146 446 1226 degui.
472 1144 635 1227 prohibens
666 1165 704 1209 ne
726 1155 796 1209 anto
814 1148 965 1229 expletum
989 1165 1113 1210 annum
1137 1155 1177 1214 l5

193 1235 300 1317 puellae
313 1233 350 1297 ud
364 1234 498 1297 habitum
512 1233 750 1298 admitterentur.
766 1236 853 1316 (Vide
869 1236 974 1314 Bouix,
986 1236 1030 1298 He
1045 1237 1176 1319 Rapui,

193 1331 268 1386 tom.
286 1328 300 1386 1
315 1373 321 1394 ,
338 1344 368 1406 p.
386 1323 473 1403 652.)

235 1415 278 1476 Ex
302 1415 428 1479 Dcercto
446 1411 537 1476 modd
550 1412 644 1475 relato
664 1414 787 1478 Concilii
806 1415 939 1477 Trident.
954 1433 974 1495 ‚·
986 1415 1105 1498 duplex
1134 1428 1180 1480 est

194 1502 523 1585 iaciendaesrplorctr'o:
540 1522 650 1584 nempe
660 1511 820 1585 antequam
831 1504 929 1585 puella
939 1505 1071 1566 lubitum
1083 1510 1181 1570 susrr'-

192 1593 277 1675 piat,
295 1598 325 1653 et
338 1601 500 1674 antequam
516 1591 725 1672 Professioaem
740 1593 868 1654 emittat.
886 1595 952 1656 Non
967 1593 1095 1657 defuere
1107 1599 1179 1676 qui-

195 1682 265 1744 dem
279 1687 418 1744 auctores
432 1681 482 1762 qui
499 1681 716 1744 consuetudine
732 1681 810 1758 nixi,
824 1682 1030 1744 sustinuerunt
1045 1685 1178 1748 unicam

195 1771 331 1834 sufficere
344 1771 600 1851 explorationem,
617 1769 669 1831 sed
688 1775 751 1832 tuta
769 1788 830 1830 non
845 1770 961 1832 ridetur
975 1771 1024 1832 illa
1038 1790 1177 1836 consuo-

196 1861 279 1936 tudo,
291 1859 385 1922 sicubi
396 1861 510 1930 existat,
520 1864 623 1940 utpote
634 1860 725 1920 Cone.
735 1859 910 1920 Tridentino
918 1857 1052 1928 aduersa.
1064 1872 1178 1925 contra

196 1948 277 2028 quod
294 1947 453 2028 praevalere
475 1965 562 2028 posse
582 1947 852 2026 consuetudinem,
876 1947 983 2010 saltem
1002 1947 1179 2016 admodum

197 2044 242 2097 est
250 2037 467 2110 dubitandum,
485 2045 518 2098 ut
531 2036 662 2100 diximus
676 2055 764 2119 supra
779 2038 873 2116 (ill).

237 2129 325 2186 27:27.
351 2124 472 2186 Deieetu
488 2125 678 2205 praelatorum
694 2127 887 2202 examinum,
904 2133 1024 2189 nonest
1040 2127 1179 2192 inualida

197 2212 365 2275 Prolessio:
381 2214 451 2292 quia
472 2212 509 2274 de
524 2213 696 2292 hujusmodi
711 2213 844 2277 nullitate
857 2221 935 2277 tacet
949 2215 1076 2278 omnino
1092 2222 1179 2280 t'on·

197 2303 301 2365 oilium
311 2301 444 2364 Trident.
458 2302 499 2363 lta
513 2304 648 2384 Eagnan,
658 2321 794 2366 asserens
803 2303 915 2385 pluries
924 2302 967 2366 sic
981 2307 1039 2366 dS.
1057 2307 1176 2389 congr.

197 2391 322 2454 Concilii
338 2390 429 2454 luisse
444 2390 578 2453 decisum
594 2413 602 2468 ;
619 2392 662 2454 sic
676 2392 765 2453 etiam
781 2393 813 2454 S.
831 2392 963 2474 luguen,
976 2392 1028 2456 lib.
1043 2399 1075 2470 1,
1088 2407 1130 2456 n⁰
1145 2401 1177 2458 5.

237 2483 327 2543 2728.
351 2479 448 2542 Etiam
470 2480 616 2542 moniales
640 2489 786 2562 exemptae
808 2481 1017 2544 examinandae
1038 2490 1114 2544 sunt
1140 2486 1180 2548 ab

197 2572 347 2652 Episcopo
365 2578 434 2632 ante
452 2569 621 2651 ingressum
648 2570 680 2630 in
701 2569 887 2650 Religionem
909 2576 939 2632 et
961 2577 1030 2632 ante
1050 2571 1177 2636 Proles-

198 2661 313 2722 sionem
329 2679 336 2720 :
354 2667 459 2742 estque
470 2659 499 2720 id
516 2665 599 2720 extra
611 2673 735 2720 orssneur
749 2657 982 2720 controversiam
998 2659 1080 2740 apud
1095 2662 1179 2725 Doc·

200 2757 293 2824 tores3
310 2749 352 2811 sic
366 2749 479 2830 pluries
494 2746 548 2809 luit
557 2745 692 2808 decisum
707 2750 770 2809 as.
786 2748 819 2808 C.
835 2747 1003 2824 Concil.,ot
1016 2749 1179 2830 signanter

199 2841 236 2899 13
253 2856 320 2899 nov.
338 2841 413 2898 1627
429 2844 457 2898 et
476 2839 514 2898 16
527 2835 680 2897 decembr.
697 2839 787 2897 1615.

238 2929 327 2987 elau.
350 2925 503 2989 Praediotae
532 2924 750 3006 explorationes
777 2925 854 2988 inira
880 2925 1056 3007 quindecim
1081 2924 1175 3006 dies,

199 3021 358 3096 postquam
379 3016 544 3096 Episcopus
562 3021 612 3076 aut
632 3013 726 3094 ipsius
740 3015 874 3076 Vicarius
888 3013 1049 3095 requisitus
1064 3013 1175 3092 luerit,

200 3103 263 3165 lieri
284 3109 410 3186 possunt
422 3110 452 3163 et
470 3103 595 3178 debent,
609 3103 694 3181 juxta
709 3102 833 3164 Constit.
849 3103 880 3165 S.
896 3103 942 3164 Pii
962 3105 988 3164 V
1003 3103 1077 3165 Etsi
1090 3121 1175 3165 men-

199 3191 378 3267 dicantium,
395 3194 432 3252 16
447 3190 516 3251 maii
533 3195 621 3253 1567.
634 3225 673 3239 --
687 3192 731 3252 Ex
744 3191 850 3253 eadem
865 3191 1003 3266 Constit,
1019 3191 1057 3252 ad
1076 3199 1177 3254 crates

200 3279 371 3344 monosterii
391 3285 436 3340 est
456 3279 644 3361 peragenda,
666 3286 696 3342 et
712 3280 887 3361 prohibetur
906 3298 943 3342 ne
962 3279 1028 3341 aliae
1043 3279 1176 3343 interro·

200 3372 334 3450 gationes
356 3367 428 3430 fiant
450 3370 541 3449 quem
565 3386 609 3430 eae
629 3387 705 3450 quas
720 3368 884 3433 Concilium
909 3367 935 3431 Τ
933 3367 1043 3430 rideat.
1057 3367 1176 3448 jubet,

200 3457 313 3519 scilicet
328 3474 384 3516 :aa
395 3457 454 3518 [leo
466 3455 589 3518 dicando
600 3465 709 3535 coneto,
720 3477 759 3518 aa
772 3456 887 3519 seducta
901 3456 952 3529 sit,
968 3457 1090 3518 auser'ot
1102 3457 1179 3538 quid

202 3551 281 3623 aput.
305 3545 433 3606 Possunt
453 3551 553 3606 tenren
577 3553 637 3607 tres
650 3546 707 3608 ittae
728 3545 910 3627 quaestiones
926 3545 1016 3608 variis
1036 3543 1177 3610 formulis

203 3631 348 3711 exprimi;
373 3633 426 3696 sed
446 3633 601 3696 vitandum
620 3642 687 3711 est,
710 3633 852 3696 variando
874 3632 1036 3713 formulas,
1058 3633 1178 3696 adalia
