2550 3992
222 183 280 254 636
439 203 576 250 uenusto
595 195 697 246 sortus
716 195 799 245 runis
818 191 965 243 canuntur.

222 307 348 388 ipsamet
361 305 471 367 rnanlts
489 299 640 384 impositio
655 315 725 381 quar
738 295 809 360 lruic
824 297 1021 358 Sacramenta
1033 299 1080 361 ert
1091 313 1201 360 oeseu·

221 395 299 458 tialis
311 392 410 464 libid..
427 401 461 454 n⁰
476 393 536 470 ld).
1265 384 1266 400 ¹

261 478 725 556 3202.Quaerit.5⁰0uibusnam
735 473 1203 556 sacramentasintdenegunda'l

263 575 352 654 liesp.
371 577 402 634 l·
414 572 536 633 &num
550 586 617 632 esse
631 568 662 630 in
676 585 787 648 genere
798 565 969 628 ministrum
984 565 1115 646 graviter
1130 583 1201 648 pre·

224 659 542 736 comministrando,
558 658 624 720 sine
638 655 804 720 sufficiente
818 653 946 730 ratione,
962 663 1152 717 sacramenta
1167 655 1202 718 iis
1266 704 1267 744 ,

226 769 302 833 quos
324 749 464 830 indignos
491 747 573 810 norit
600 746 686 808 aliter
706 747 800 826 quim
824 761 879 827 per
899 743 978 806 viam
1001 742 1204 806 confessionis

226 837 465 913 sacramentalis;
478 835 548 898 dicit
563 833 646 896 enim
660 833 794 896 Christus
809 851 817 894 ε
835 855 850 893 r
864 831 962 894 Nolite
976 831 1048 892 darre
1062 840 1203 895 sanetum

227 928 426 990 »cunibuso
453 927 494 1002 (S.
520 923 644 1001 lllatth.‚
665 941 693 986 c.
717 927 791 996 ’1,ν.
814 923 856 1002 6).
876 922 978 983 -lta
999 924 1205 985 communiter

227 1017 305 1098 apud
321 1019 352 1079 S.
368 1016 489 1096 Lignor.
506 1014 569 1090 (lib.
586 1017 617 1090 6,
633 1022 667 1074 η·
680 1015 741 1090 tt).
1267 1022 1268 1106 l

265 1107 355 1167 3203.
380 1104 471 1165 l’orrd
480 1109 552 1166 sunl
566 1103 759 1165 Sacramenta
769 1099 907 1182 quaedam
922 1117 979 1182 pro
988 1099 1103 1182 quibus
1111 1099 1206 1163 admi-

229 1191 391 1254 nistrandis
413 1209 474 1254 non
501 1191 611 1254 sufficit
636 1189 719 1272 quod
748 1190 886 1251 minister
913 1195 1067 1271 petentem
1094 1191 1207 1253 nesciat

230 1279 403 1362 indignum,
415 1280 467 1350 sed
476 1281 639 1363 requiritur
653 1275 818 1362 insuperut
832 1277 996 1360 prudenter
1004 1277 1123 1356 judicet
1135 1297 1208 1342 eum
1268 1345 1269 1362 2

230 1371 353 1452 positive
371 1369 522 1451 dignum:
543 1369 612 1431 talia
625 1376 696 1432 sunt
711 1373 740 1430 l·
755 1369 984 1430 Sacramentum
1006 1367 1208 1446 Paenitentia,
1268 1363 1269 1396 l

229 1460 303 1522 cum
315 1459 352 1522 ud
363 1459 454 1537 liuius
470 1457 654 1522 sacramenti
668 1455 799 1519 valorem
814 1456 984 1537 requiretur
996 1455 1159 1537 dispositio
1171 1457 1210 1520 de

230 1552 290 1631 qud
313 1547 459 1623 minister,
474 1555 577 1629 utpote
594 1546 702 1626 judex,
717 1543 807 1608 debet
827 1544 937 1608 habere
954 1545 1103 1607 moralem
1123 1548 1210 1610 certi-

230 1637 385 1714 ludinem;
401 1641 433 1700 2⁰
447 1639 675 1699 Sacramentum
687 1633 843 1717 Baptismi‚
858 1633 895 1697 ad
905 1633 986 1716 quod
998 1633 1138 1696 minister
1149 1653 1206 1698 non
1269 1660 1270 1716 t

230 1723 319 1789 debet
338 1725 505 1797 admittere,
521 1725 578 1788 nisi
599 1725 748 1787 volentem
772 1731 802 1786 et
819 1725 900 1786 reete
920 1722 1122 1805 dispositum:
1137 1731 1205 1788 run
1269 1737 1270 1750 ²

229 1816 279 1896 jus
301 1815 337 1877 ad
360 1815 432 1878 illud
451 1815 534 1878 aliter
554 1833 615 1876 non
635 1814 765 1876 habeant
783 1812 966 1895 baptizandi;
981 1817 1014 1876 3·
1027 1813 1209 1878 Sacrarnrn·

231 1913 295 1967 tum
305 1903 437 1979 Ordinis,
452 1905 482 1966 in
492 1922 554 1986 quo
568 1904 745 1986 Episcopus,
762 1911 884 1985 propter
898 1901 1012 1964 bonum
1029 1919 1205 1982 comnrune,
1270 1978 1271 1984 ἵ

232 1994 279 2057 cui
296 1994 451 2075 providere
465 2002 583 2056 tenetur
597 2012 633 2055 ex
648 1991 757 2056 allicio.
772 1991 862 2054 debet
875 1991 986 2054 habere
999 1991 1155 2054 scientiam
1168 1993 1209 2056 ds
1270 1991 1271 2032 Τ

231 2081 374 2160 dignitate
388 2090 418 2144 et
430 2083 583 2144 vocatione
598 2081 730 2164 legitima
743 2079 997 2143 ordinandorum:
1010 2085 1082 2144 cum
1098 2082 1210 2162 pariter

233 2169 278 2232 isti
290 2171 339 2249 ius
351 2188 411 2231 non
421 2170 550 2234 habeant
563 2172 628 2234 sine
644 2171 679 2233 iis
691 2169 835 2232 ordinari.
851 2169 939 2234 Unde
952 2169 1053 2232 verius
1067 2179 1113 2232 est
1125 2171 1210 2252 qudd

232 2259 368 2320 occultus
381 2267 527 2339 peccator,
545 2261 598 2322 etsi
614 2259 733 2342 publice
747 2259 879 2322 ordinari
896 2266 995 2341 petat,
1011 2260 1164 2322 arcendus
1173 2261 1212 2324 sit

232 2345 271 2409 ab
289 2346 462 2410 ordinibus:
483 2371 497 2406 a
514 2349 600 2411 ilatio
620 2356 666 2411 est
679 2353 751 2431 quia
771 2349 822 2431 qui
846 2365 878 2410 se
901 2347 1011 2430 ingerit
1030 2349 1061 2409 in
1081 2367 1213 2414 munera

233 2457 249 2495 n
273 2435 409 2519 publicu,
424 2436 462 2498 ad
483 2455 552 2520 quaa
567 2457 628 2500 non
647 2445 692 2500 est
714 2437 859 2514 idoneus,
879 2438 981 2520 repelli
995 2437 1101 2510 debet,
1117 2440 1211 2501 etiam

233 2547 248 2586 r
272 2545 344 2589 cunr
364 2525 504 2605 iufamia,
530 2526 570 2590 ob
597 2527 712 2590 bonum
733 2526 889 2609 publicum
913 2527 1027 2608 privato
1049 2526 1214 2608 praefereu-

234 2637 250 2675 r
273 2615 359 2678 dum.
388 2639 404 2675 u
433 2615 509 2678 lllud
537 2624 653 2680 constat
674 2635 710 2678 ex
732 2615 864 2678 Concilio
887 2615 1021 2678 Trident.
1038 2619 1124 2692 (sess.
1149 2621 1213 2692 23,

136 2783 139 2790 Ι
234 2725 299 2788 cap.
311 2709 366 2782 tu,
380 2705 415 2768 dr
433 2705 578 2785 reform).
594 2704 670 2768 Vide
684 2706 715 2767 S.
732 2703 852 2785 liguor.
865 2703 928 2782 (lib.
944 2709 975 2780 6,
991 2713 1026 2766 η·
1043 2707 1114 2782 52);
1130 2705 1215 2769 dicta

234 2812 324 2876 supra
337 2799 438 2872 (1967,
455 2797 655 2870 taur-1990);
671 2799 702 2856 et
715 2792 792 2856 inira
808 2792 936 2857 dicenda
949 2793 1013 2874 (601
1022 2797 1156 2870 touta).

273 2889 306 2945 4⁰
322 2885 395 2946 item
410 2883 440 2946 in
461 2882 649 2945 illatrimonio
667 2883 806 2946 sacerdos
819 2883 1009 2946 constituitur
1021 2883 1062 2946 ab
1075 2883 1213 2947 Ecclesia

235 2973 314 3034 utin
329 2971 552 3053 impedimentis
571 2971 718 3053 inquirat:
735 2971 816 3036 unde
835 2991 898 3034 non
915 2971 1005 3035 dehet
1021 2971 1212 3054 conjungere

235 3079 287 3125 eos
301 3078 408 3122 omnes
427 3079 505 3142 quos
524 3062 579 3125 scit
590 3079 656 3124 esse
676 3061 714 3123 ab
734 3061 836 3143 aliquo
850 3060 1066 3144 impedimento
1081 3061 1210 3142 ligatos,

235 3150 289 3214 etsi
303 3149 552 3231 impedimentum
566 3151 604 3212 sit
617 3149 781 3213 occultum.

275 3241 365 3302 3604.
384 3236 449 3300 Alia
464 3241 534 3300 verd
543 3240 735 3303 Sacramenta
750 3258 811 3302 non
823 3245 894 3303 sunt
906 3237 1085 3320 deneganda
1097 3237 1145 3303 eis
1158 3239 1212 3322 qui

236 3327 380 3392 catholice
393 3327 507 3405 vivunt,
523 3329 580 3390 nisi
594 3335 711 3391 constet
719 3327 757 3390 de
771 3327 899 3412 petentis
913 3328 1107 3410 indignitate:
1126 3331 1212 3392 slia-

236 3441 252 3478 »
274 3417 316 3479 tio
329 3423 389 3496 est,
404 3417 501 3499 inquit
513 3419 544 3480 S.
556 3417 621 3500 lig.
636 3418 701 3496 tib..
718 3418 785 3496 tt),
800 3419 873 3500 quia
885 3417 923 3481 ud
936 3417 993 3480 aliu
1007 3427 1207 3485 sacramente,

238 3527 253 3566 r
277 3523 384 3570 omnes
398 3504 501 3568 lideles
517 3505 568 3586 ius
580 3505 710 3578 habent.
724 3511 755 3570 et
773 3507 900 3569 ministri
917 3525 977 3570 non
996 3513 1068 3570 sunt
1077 3505 1206 3588 judices.

238 3615 253 3654 o
278 3594 329 3656 sed
343 3594 614 3677 dispensatores...;
629 3594 881 3678 ultraquamqudd
894 3597 1023 3678 quicque
1034 3597 1201 3660 neutralite-
