2550 3992
195 257 254 322 664
403 271 538 317 panorm
556 269 658 315 rorans
677 269 760 315 rums
780 269 929 316 crunnum.

194 375 285 438 modd
299 373 399 453 aliqua
413 370 447 432 sit
463 372 493 432 in
508 369 551 432 eis
565 387 749 450 organorum
772 368 928 450 dispositio
946 387 954 430 :
969 370 1040 432 cirm
1056 370 1181 452 ubique

195 471 350 545 receptum
376 460 415 522 sit
442 477 503 520 non
524 458 609 539 priirs
630 456 746 519 infundi
768 459 903 520 animam
929 459 1050 539 corpori
1078 461 1181 540 qutm

195 552 271 616 istud
287 551 448 612 formatum
462 545 561 610 tuerit.
574 547 709 608 -Circa
728 545 809 628 quod
824 545 991 609 notandum
1009 555 1057 608 est
1069 548 1180 628 sigere

194 641 284 704 hodie
297 638 491 722 opinionem,
508 634 588 717 apud
605 635 733 716 peritos,
750 633 833 714 quod
846 633 936 696 iebus
951 635 989 697 ab
1003 634 1090 696 initio
1103 655 1179 698 con-

195 731 352 832 copponis,
362 727 409 789 vei
422 725 527 788 saitem
543 730 609 805 post
622 723 736 804 aliquot
748 721 824 799 dies,
835 724 939 785 animt
952 723 1175 787 informentur.

195 819 284 882 variis
297 813 510 900 experimentis
524 819 568 876 snt
585 812 835 876 convincentibus
850 812 956 874 nititur
970 812 1034 874 bare
1046 813 1178 894 opinio,

198 907 339 972 utvidere
353 913 397 968 est
405 922 476 984 ,ap
493 904 524 965 S.
536 901 672 983 Lignor„
684 899 736 962 bb
748 904 779 978 6
795 901 916 964 66164·
908 901 1177 984 ,etCangiamibr‚

198 1005 243 1068 De
257 999 472 1084 Emdrpoloprri
486 999 581 1062 suerii.

237 1095 327 1154 3266.
337 1095 415 1150 -4ο
430 1087 535 1151 Validd
554 1088 626 1170 bapt
626 1087 719 1150 izatur
736 1105 829 1169 quem
849 1033 988 1150 minister
1006 1094 1092 1170 putat
1109 1105 1176 1152 esse

199 1181 311 1255 atium,
326 1185 379 1243 out
394 1179 462 1240 ticet
480 1177 581 1260 puella
602 1179 640 1239 sit
660 1193 753 1257 quam
771 1176 922 1238 existimat
935 1194 1086 1258 puerum,
1102 1177 1177 1259 qu'u

200 1268 325 1330 intendit
340 1267 487 1349 baptizare
501 1286 537 1348 pr
538 1273 692 1328 aesentem.

239 1363 271 1418 5⁰
287 1357 390 1418 Vaiide
401 1357 501 1437 piures
515 1354 604 1417 simul
620 1353 760 1434 baptizari
775 1359 902 1435 possunt
914 1353 972 1416 sub
985 1353 1042 1416 666
1056 1357 1177 1418 formis

203 1445 231 1510 E
231 1465 267 1527 po
282 1464 329 1508 vos
347 1445 480 1528 baptizo,
494 1451 566 1519 etc.;
583 1441 636 1505 sed
657 1441 746 1504 idest
759 1441 894 1506 illicitum
909 1449 993 1505 extra
1006 1443 1179 1524 perieulum

202 1535 316 1598 mortis

240 1627 414 1687 366“1.-6ο
432 1646 448 1684 6
464 1625 499 1684 16
513 1622 656 1684 monstris
671 1622 743 1682 verb
755 1620 956 1704 baptizandis,
966 1621 990 1683 si
1006 1639 1095 1684 casus
1108 1641 1177 1684 ere·

202 1737 218 1773 r
243 1712 320 1787 niet,
335 1731 446 1795 magna
457 1712 557 1774 cautio
566 1709 735 1772 adhibenda
744 1715 787 1770 est
800 1729 807 1769 :
818 1710 857 1770 de
870 1727 932 1790 quo
944 1711 969 1772 si
984 1729 1063 1792 opus
1077 1709 1178 1788 suerit,

203 1825 218 1861 r
242 1801 418 1864 Ordinarius
438 1800 494 1862 loci
518 1799 563 1861 vei
587 1799 635 1860 aiii
657 1797 743 1881 periti
769 1798 975 1876 consulantur,
1001 1799 1059 1860 nisi
1074 1799 1178 1864 mortis

203 1913 218 1950 ι
243 1891 411 1973 periculum
426 1889 592 1952 immineat.

245 2001 259 2037 6
284 1982 451 2042 Monstrum
461 1977 543 2060 quod
559 1977 721 2040 humanam
737 1977 869 2059 speeiem
883 1995 944 2039 non
959 1995 1022 2058 prae
1037 1997 1070 2041 se
1085 1979 1178 2055 serm,

204 2091 219 2127 6
244 2068 383 2148 baptizari
401 2086 460 2128 non
476 2067 565 2127 debet
577 2087 583 2127 :
595 2067 632 2128 de
644 2085 705 2148 quo
719 2067 743 2127 si
756 2066 883 2128 dubium
893 2065 999 2141 fuerit,
1016 2065 1180 2148 baptizetur

204 2179 219 2215 6
244 2157 300 2217 sub
313 2156 369 2217 baie
384 2153 572 2216 conditione:
588 2155 626 2216 Si
642 2162 673 2216 tu
687 2174 715 2216 es
732 2154 814 2214 domo
825 2173 899 2235 ‚epo
911 2162 939 2216 te
954 2153 1086 2236 baptizo,
1101 2164 1177 2220 etna

206 2245 236 2307 Si
251 2263 324 2323 ergo
342 2243 372 2303 in
388 2246 485 2304 masst
500 2241 621 2304 informi
640 2243 678 2306 sit
696 2251 796 2306 motus
813 2243 926 2320 sitatis,
940 2251 971 2304 et
983 2250 1106 2324 tempus
1119 2264 1181 2308 non

206 2335 344 2412 suppetat
368 2331 565 2413 investigandi
588 2350 627 2395 an
661 2332 692 2394 in
715 2335 751 2394 et
769 2332 865 2394 subsit
889 2333 1004 2414 species
1027 2332 1182 2415 humana,

207 2419 382 2502 baptizanda
395 2427 441 2483 est
453 2420 511 2484 sub
526 2413 716 2498 conditione;
732 2421 775 2484 sie
789 2427 924 2483 statuunt
941 2419 1027 2502 plura
1040 2422 1182 2488 Rituatia

208 2511 290 2590 juxta
311 2511 452 2592 Lequeux
468 2515 513 2580 (m
530 2513 618 2587 708);
635 2509 702 2572 vide
727 2510 818 2572 etiam
840 2508 1026 2572 Mondcment
1040 2530 1123 2593 pom
1144 2512 1183 2576 ter

211 2599 329 2681 Confer.
345 2599 384 2660 dn
398 2599 506 2662 diocese
519 2598 553 2661 dc
576 2597 696 2661 Veiente
711 2603 790 2662 4840
803 2611 844 2680 tp.
859 2601 920 2676 66).

251 2711 267 2747 a
288 2689 363 2753 titud
381 2690 451 2752 verb
467 2687 505 2750 de
519 2707 581 2770 quo
595 2687 722 2750 dubium
738 2695 798 2763 est,
820 2705 921 2750 unane
939 2694 990 2752 aut
1006 2688 1111 2770 piures
1124 2692 1184 2754 sint

208 2800 222 2834 6
248 2797 400 2858 persona,
417 2797 478 2840 non
490 2776 663 2858 baptizetur,
680 2777 778 2840 donec
792 2775 822 2839 id
833 2777 1019 2840 discernatur·
1030 2797 1038 2840 :
1050 2778 1182 2842 discerni

210 2890 224 2922 6
248 2873 349 2928 autem
373 2875 469 2949 potest
486 2867 510 2928 si
526 2865 633 2928 babeat
655 2883 751 2930 unum
778 2865 823 2928 vei
845 2867 931 2948 plura
947 2868 1065 2949 capita,
1086 2887 1184 2934 uuum

210 2977 224 3012 6
250 2954 296 3014 vet
311 2955 397 3035 ptura
408 2964 545 3037 pectora3
560 2963 634 3018 tunc
646 2956 729 3017 enim
743 2953 867 3018 totidem
878 2956 1064 3018 eruntcnrda
1078 2963 1113 3020 et
1124 2960 1185 3023 ani·

210 3067 224 3102 6
249 3059 324 3118 mm,
339 3041 539 3124 hominesque
556 3044 704 3120 distincti;
724 3051 755 3106 et
771 3061 809 3107 eo
826 3063 898 3106 casu
916 3045 1027 3127 singuli
1046 3065 1184 3112 seorsum

211 3155 225 3190 6
250 3139 320 3194 sunt
330 3130 516 3212 baptizandi,
531 3132 835 3214 unicuiquedieendo
847 3152 855 3194 :
867 3133 934 3216 Epo
948 3143 975 3196 te
985 3133 1115 3216 baptizo,
1125 3147 1183 3202 etc.

211 3245 225 3280 6
251 3221 281 3282 Si
301 3221 371 3280 verb
395 3219 562 3300 periculum
588 3221 692 3284 mortis
716 3221 893 3298 immineat,
913 3229 1096 3306 tempusque
1125 3243 1185 3288 non

212 3331 227 3367 6
252 3309 546 3391 suppetntutsinguii
557 3312 717 3393 separatim
728 3311 1039 3393 baptizentunpoterit
1049 3315 1185 3377 minister

212 3420 227 3456 6
252 3398 439 3476 6666166666
466 3400 614 3479 capitibus
635 3419 746 3482 aquam
766 3399 943 3478 infundens,
967 3419 1075 3466 omnes
1095 3405 1185 3468 simui

213 3507 227 3543 6
251 3486 399 3566 baptizare
417 3486 568 3549 dicendo:
586 3487 653 3568 Epo
673 3507 720 3550 voa
741 3487 871 3570 baptizo,
893 3489 925 3548 in
944 3491 1078 3566 contine,
1099 3503 1182 3558 ete...

212 3588 228 3628 r
252 3591 346 3654 quam
363 3581 466 3637 tamen
485 3573 633 3651 formam,
648 3575 679 3637 in
698 3577 734 3637 iis
750 3577 849 3638 sotum
863 3585 892 3639 et
906 3578 936 3638 in
952 3577 1018 3639 aiiis
1037 3581 1185 3648 similibus

213 3673 227 3718 r
254 3661 522 3740 montepencerio,
534 3663 572 3722 cd
585 3663 1185 3746 616666666466666666666666666-
