2534 3996
173 231 232 294 3¹16
401 239 539 288 urrunnu
558 237 658 285 nonus
682 235 760 282 lunis
781 234 930 283 cruuntur.

170 367 186 403 r>
212 343 309 404 lorum
323 332 636 416 consensusexigitur.
653 333 842 414 Pugnan...»
858 329 990 395 Ferraris
1000 331 1045 412 lv·
1055 328 1148 414 capt·

171 431 278 500 mlum,
295 438 352 492 art.
367 433 396 502 l,
410 426 478 488 adn.
497 437 530 486 n·
543 427 603 501 6⁶2).
847 489 848 492 ,
1074 477 1081 487 .

212 519 324 581 Pariter
338 516 419 580 nulla
433 533 498 577 csse
511 521 576 576 acta
591 512 717 590 Prolati,
729 513 753 575 si
769 529 832 575 non
847 510 980 592 requirat
989 507 1150 574 consiliam

173 607 300 690 Capituli
317 604 439 688 quando
452 607 469 665 a
480 605 548 680 ‚iure
568 609 611 665 est
627 603 825 684 requisitum,
843 600 917 662 dicit
930 599 1148 679 lleillenstucl,

174 697 227 764 lib.
242 701 273 773 3,
287 697 332 758 tlt.
349 699 405 772 ld,
420 704 454 754 ηο
468 697 524 766 10,
540 693 688 774 cacapite
704 691 807 754 ll'ouit.
822 689 912 766 l,de
925 687 972 750 lais
987 707 1051 771 quc
1065 688 1150 771 fiunt

172 785 245 854 cini,
264 793 322 848 etc.
604 851 608 854 ,

215 877 305 938 0403.
321 871 472 955 Respond.
489 875 521 932 2⁰
535 872 707 953 Praecipuos
719 869 846 932 casusin
861 867 972 949 quibus
980 865 1153 949 Episcopus

175 963 296 1046 speciali
313 960 438 1043 Capituli
453 978 602 1022 consensu
618 958 742 1040 indiget,
756 975 822 1019 esse
835 963 1016 1036 sequentes:

218 1054 250 1113 l⁰
265 1050 309 1112 lld
323 1050 533 1112 alienationem
553 1048 597 1111 rei
612 1046 792 1122 immobilis,
807 1051 860 1107 aut
879 1043 998 1106 mobilis
1011 1043 1152 1125 pretiosae
1237 1123 1238 1140 ἵ

179 1139 217 1202 ad
232 1139 394 1201 Ecclesiam
415 1137 619 1200 Cathedralem
640 1134 837 1218 pertinentis,
859 1133 889 1195 in
903 1133 1023 1195 casibus
1038 1133 1152 1214 quibus

180 1228 245 1290 lraec
265 1228 404 1289 alienatio
430 1227 578 1309 Episcopo
598 1233 642 1288 est
670 1223 759 1286 licita.
782 1225 905 1285 Constat
931 1239 968 1283 ex
988 1239 1055 1302 cap.
1076 1221 1154 1282 Sia&

179 1317 346 1398 exceptione
361 1320 409 1382 ta,
420 1335 452 1399 q.
464 1321 502 1393 E,
517 1323 547 1378 et
559 1334 626 1397 cap.
641 1311 786 1396 Utsuper,
798 1313 844 1375 lit,
856 1313 906 1388 13,
921 1309 1006 1382 1103
1016 1313 1150 1385 liceret,

182 1424 248 1487 cap.
267 1411 296 1479 l,
311 1406 357 1468 til.
371 1411 421 1481 ltl,
436 1405 532 1484 ejusd.
549 1405 600 1468 lib.
1125 1399 1128 1404 ’

220 1495 250 1557 Si
274 1495 311 1557 ad
335 1495 424 1557 aliam
438 1494 594 1556 ecclesiam
608 1492 781 1556 interiorem
794 1509 843 1554 rcs
862 1489 1026 1573 pertineat,
1043 1493 1156 1574 praelar

180 1602 363 1648 consensum
394 1584 572 1646 clericorum
598 1583 665 1644 talis
691 1581 846 1654 ecclesiae,
874 1579 1035 1660 requiritur
1061 1580 1153 1643 ctiam

181 1691 347 1737 cousensus
360 1673 484 1754 Capituli
499 1671 681 1734 Callredralis
694 1677 952 1734 attractatuscum
962 1686 1017 1746 eo,
1032 1668 1057 1730 si
1069 1669 1156 1750 Epis·

182 1781 276 1843 copus
289 1769 335 1824 est
348 1761 519 1845 principalis
533 1767 637 1822 auctor
650 1759 860 1822 alienationis:
875 1776 961 1821 secus
975 1757 1000 1820 si
1015 1764 1154 1824 auctores

183 1852 243 1914 sint
252 1852 329 1914 illius
343 1850 475 1912 ecclesiae
488 1848 753 1912 administratores.

223 1945 312 2002 0404.
334 1941 504 2000 Crtnsemus
524 1945 626 2000 autem
646 1937 771 2019 Capituli
790 1937 880 2000 debet
893 1955 959 2000 csse
976 1955 1152 2021 expressus,

183 2047 255 2093 cum
269 2027 486 2107 subscriptione
506 2026 611 2090 saltem
631 2027 741 2089 Notarii
762 2026 894 2108 publici,
916 2027 941 2088 si
962 2027 1103 2091 alienatio
1116 2032 1156 2092 sit

184 2127 340 2200 perpetua,
352 2117 399 2178 vel
412 2116 450 2178 ad
464 2115 588 2198 longum
601 2123 732 2199 tempus,
748 2123 778 2178 et
796 2121 900 2197 agatur
912 2115 951 2178 dc
963 2115 1152 2196 venditione,

184 2206 356 2274 donatione,
371 2213 421 2267 aut
435 2205 655 2287 permutatione
667 2223 674 2265 :
690 2205 715 2266 si
728 2207 798 2267 rard
812 2205 849 2266 ad
864 2203 951 2266 breve
964 2212 1085 2286 tempus
1097 2206 1154 2282 sit,

186 2311 295 2376 nempe
315 2294 390 2357 inira
414 2294 615 2372 decennium,
637 2311 801 2356 consensus
821 2293 927 2356 tacitus
945 2293 1064 2357 sufficit.
1080 2293 1155 2358 llida

188 2385 329 2459 Lauren,
343 2383 423 2466 apud
438 2386 474 2446 [l.
492 2385 603 2460 Bouix,
618 2383 693 2446 ibid.

224 2476 312 2537 Juxta
326 2473 557 2556 probabiliorem
571 2480 602 2535 ct
614 2473 853 2536 communiorem
868 2473 1059 2551 sentemiam,
1068 2491 1158 2556 repu-

187 2562 277 2625 diatio
298 2563 384 2644 legati
399 2562 441 2624 rei
456 2561 546 2624 etiam
561 2562 722 2625 immobilis
736 2581 797 2624 non
815 2561 939 2625 habetur
953 2569 987 2626 ut
999 2564 1153 2635 alienatio.

188 2653 237 2714 sed
256 2653 401 2714 duntaxat
413 2658 447 2714 ut
465 2671 522 2712 non
539 2653 703 2734 acquisitio,
729 2671 825 2734 caque
846 2651 923 2716 lacta
936 2653 974 2714 ab
994 2651 1156 2734 Episcopo,

187 2741 300 2822 alisque
313 2740 437 2823 Capituli
452 2758 601 2804 consensu
613 2788 622 2819 ,
636 2741 732 2803 ualida
746 2747 912 2824 reputatur,
928 2741 996 2804 licet
1008 2741 1107 2804 illicita
1118 2743 1159 2806 sit

188 2830 211 2890 si
226 2829 278 2892 liat
290 2831 404 2910 absquo
417 2833 508 2892 cause
522 2831 664 2911 legitima.
679 2830 755 2893 Vide
772 2833 969 2913 quaestionem
989 2829 1158 2896 discussam

188 2919 268 2990 apud
282 2917 448 2994 lleill'enst„
464 2917 516 2981 lib.
535 2923 564 2989 3,
575 2919 620 2982 tit.
637 2923 686 2998 to,
701 2920 743 2982 η’·
758 2922 862 2983 35-53.
930 2915 932 2920 ’

229 3008 258 3070 si
281 3007 320 3070 ob
334 3007 447 3069 bellum
461 3008 504 3068 vel
525 3008 614 3069 aliam
634 3026 767 3084 causam,
787 3008 957 3091 Capitulum
976 3009 1084 3073 absens
1097 3011 1157 3092 sit,

190 3097 332 3160 Praelatus
344 3096 444 3170 debat,
469 3094 534 3156 loco
548 3097 693 3179 Capituli,
707 3098 782 3161 alios
795 3099 952 3162 consulere
965 3099 1099 3164 clericos.
1115 3103 1160 3166 lta

189 3185 318 3250 leucen.
332 3181 421 3265 (opud
437 3183 472 3244 [l.
490 3183 603 3259 Bouix,
617 3185 703 3262 ltin,
719 3207 751 3270 p.
767 3192 852 3269 390).

227 3277 317 3337 aton.
339 3273 508 3334 Consensus
530 3272 619 3354 Papae
639 3277 742 3344 eximit
763 3280 781 3341 d
802 3279 976 3342 necessitate
1002 3279 1158 3344 obtinendi

188 3378 368 3426 consensum
390 3359 535 3438 Capituli,
556 3365 678 3442 quando
697 3366 750 3428 ista
764 3370 926 3449 requiritur
945 3375 1088 3452 tanquam
1112 3389 1160 3432 so·

188 3450 342 3522 lemnitas3
358 3465 419 3509 non
434 3449 503 3538 rard
516 3449 541 3512 sl
555 3455 724 3534 requiratur
734 3464 877 3538 tanquam
890 3476 1055 3522 consensus
1065 3461 1158 3542 partis

190 3555 274 3615 cujus
288 3537 421 3600 interest.

237 3627 327 3686 arou.
347 3625 410 3688 llas
427 3623 519 3708 Papae
535 3645 592 3694 nec
605 3631 734 3712 capituti
751 3651 918 3704 muscosus
929 3644 976 3702 cst
986 3636 1157 3703 acosma
