2522 3992
427 319 513 367 arnan
534 318 653 365 rnruus.
971 305 1029 367 ltu

53 444 69 482 a
94 423 234 482 votorum
248 415 431 478 solemnium
442 413 674 476 admittantur...
686 413 798 476 Poterit
807 415 878 478 verb
888 415 1031 496 Superior

53 533 70 570 u
96 505 291 570 Prouincialis
311 523 347 567 ex
360 503 448 583 iustis
470 509 500 564 et
517 501 746 565 rationabilibus
760 505 858 566 causis
873 504 1031 585 professio·

55 623 71 659 n
99 615 170 659 nem
183 603 322 658 votorum
336 593 519 656 solemnium
532 589 663 661 differre,
681 599 853 654 nontamen
869 594 945 656 ultra
960 602 1033 656 feta-

57 711 72 748 n
99 693 161 748 tem
183 685 386 746 annorum25
407 681 605 762 expleturum.
622 681 653 742 Si
672 681 743 742 uero
764 681 794 741 in
811 681 946 744 instituto
960 687 1032 745 Pro-

57 799 73 835 »
100 773 242 836 vinriales
275 790 337 834 non
369 769 552 845 habeantur,
581 768 687 830 eadem
717 769 842 832 facultas
866 771 1035 834 attribuitur

59 889 74 922 »
100 863 190 925 etiam
206 859 358 942 Superiori
380 858 490 921 dombs
508 857 688 934 Naubolus,
703 857 742 920 de
761 877 912 922 consensu
933 867 1034 922 tamen
1120 923 1123 928 ,

61 977 75 1011 u
102 951 235 1032 Magistri
250 949 431 1012 novitiorum
445 956 475 1010 et
487 947 618 1009 duorum
629 947 836 1028 religiosorum
847 949 899 1029 qui
910 949 941 1010 in
952 951 1024 1012 lnsti

61 1065 76 1100 u
102 1047 167 1102 tuto
181 1039 283 1121 aliquo
297 1037 392 1120 gradu
407 1036 539 1118 insigniti
553 1042 659 1098 sunt...
682 1059 697 1094 n

104 1133 193 1192 2690.
210 1129 265 1190 Die
279 1135 379 1190 autem
396 1131 432 1187 l'l
444 1125 511 1206 julii
527 1129 603 1187 1858
616 1143 690 1186 nova
702 1125 810 1205 prodiit
825 1126 985 1189 declaratio
1000 1148 1036 1192 cx

63 1217 227 1281 Secretaria
243 1218 275 1279 S.
291 1218 452 1297 congreg,
465 1215 502 1276 ad
517 1214 691 1276 resolvenda
707 1216 852 1277 nonnulla
864 1216 975 1279 dubia:

108 1329 124 1367 u
148 1311 176 1369 1ο
190 1308 266 1368 Vota
280 1304 427 1387 simplicia
440 1303 478 1366 de
492 1304 601 1385 quibus
615 1305 723 1385 agitur,
740 1311 883 1385 perpetua
896 1313 985 1368 erunt
1001 1325 1038 1370 ex

65 1421 79 1455 u
105 1403 189 1480 parte
202 1397 375 1458 rorentis...

106 1508 121 1544 u
146 1489 178 1547 2⁰
192 1483 375 1547 Eorumdem
398 1488 535 1546 rotomm
557 1480 740 1565 simplicium
752 1480 934 1565 dispensatio
947 1503 1040 1548 reser-

68 1598 82 1632 a
108 1581 173 1635 vata
187 1581 231 1635 est
243 1577 381 1636 Romano
395 1572 542 1634 Pontifici.

110 1684 125 1720 s
149 1665 180 1723 3ο
195 1662 307 1724 Eadem
321 1662 468 1742 simplicia
490 1667 557 1723 rota
571 1661 644 1723 solvi
658 1662 747 1724 etiam
761 1669 889 1744 possunt
906 1683 943 1726 ex
957 1671 1041 1745 parte

69 1777 83 1810 u
109 1750 239 1826 Ordinis,
255 1752 295 1812 ita
308 1758 352 1828 ut,
369 1749 438 1812 data
454 1749 640 1828 dimissione,
657 1751 782 1832 professi
798 1751 836 1813 ab
849 1753 933 1814 omni
947 1754 1040 1815 dieto-

68 1867 82 1900 n
109 1859 176 1903 rum
189 1848 327 1902 votorum
350 1839 470 1901 vinculo
484 1845 511 1900 ot
529 1837 710 1920 obligatione
722 1859 758 1901 eo
776 1840 842 1921 ipso
856 1840 940 1903 liberi
957 1842 1040 1906 fiant.

109 1952 123 1988 n
148 1936 180 1991 t⁰
197 1929 372 1990 Facullas...
387 1927 557 1989 dimittendi
573 1927 758 2010 professos...
774 1937 912 1992 votorum
926 1931 1041 2013 simpli-

70 2044 83 2077 »
109 2019 226 2081 cium...
250 2023 364 2100 spectat
381 2015 418 2078 ad
438 2017 684 2079 Commissarium
700 2017 905 2098 apostolieum
924 2019 1043 2083 Ordinis

70 2133 84 2167 u
110 2125 180 2170 cum
199 2125 255 2170 suo
273 2105 404 2168 Consilio
419 2106 595 2167 Generali...
611 2105 733 2168 Idem...
749 2123 821 2168 cum
837 2125 892 2170 suo
913 2107 1043 2172 Consilio

71 2223 85 2254 n
111 2196 247 2258 Generali
262 2197 371 2276 poterit
387 2195 417 2256 in
435 2194 554 2256 casibus
574 2195 817 2257 extraordinariis
835 2203 864 2256 ct
879 2199 1042 2277 praesertim

72 2311 86 2345 n
111 2304 163 2366 pro
177 2285 388 2366 regionibus...
405 2283 579 2363 longinquis
597 2283 635 2344 ad
652 2283 860 2346 dimissionem
880 2285 1044 2349 decernen-

72 2399 85 2433 ι)
112 2375 204 2446 dem,
238 2372 434 2454 subdelegato
465 2372 620 2454 religiosos
647 2371 757 2454 probos
779 2379 811 2435 et
843 2374 1041 2455 prudentes...

72 2489 86 2523 o
113 2464 217 2526 saltem
230 2467 302 2526 tres.

112 2576 127 2611 n
152 2557 185 2614 5⁰
198 2553 278 2614 Licet
288 2551 325 2614 ad
334 2551 556 2617 decernendam
569 2549 777 2613 dimissionem
787 2569 925 2631 neque...
938 2554 1044 2632 judicii

73 2667 87 2700 ι)
113 2641 209 2703 forma
222 2641 440 2722 requiratur...;
456 2649 557 2703 tamen
569 2641 744 2720 Superiores
760 2639 920 2720 procedere
936 2641 1047 2702 debent

74 2756 87 2790 u
113 2733 233 2814 summa
254 2730 413 2808 charitate,
434 2729 595 2812 prudentia
614 2735 645 2790 et
667 2727 870 2808 exquisitis...
895 2729 1043 2793 causis...

74 2845 88 2878 o
115 2821 210 2880 Nemo
223 2824 336 2896 autem,
345 2838 382 2880 ex
396 2821 486 2881 causa
494 2816 674 2878 infirmitatis
688 2821 754 2897 post
768 2815 985 2898 professionem
998 2839 1047 2883 ro

74 2931 89 2968 n
116 2913 214 2970 torum
229 2907 411 2988 simplicium
426 2913 623 2988 superventa,
638 2904 746 2966 dimitti
761 2906 880 2986 poterit.

114 3019 130 3056 n
154 3000 186 3059 θ’
204 2996 331 3058 Prolessi
352 2995 502 3058 dictorum
523 3001 661 3056 votorum
684 2993 867 3076 simplicium
889 2997 1046 3081 participes

76 3111 91 3147 n
115 3093 204 3148 erunt
225 3086 362 3147 omnium
385 3084 548 3164 gratiarum
565 3089 595 3144 et
609 3083 833 3163 privilegiorum
851 3087 962 3166 quibus
977 3107 1046 3170 pro-

76 3201 90 3234 u
115 3175 184 3237 fessi
200 3183 336 3238 votorum
351 3173 534 3236 solemnium
554 3173 586 3234 iu
604 3179 772 3235 memorato
789 3173 952 3239 Ordine...
972 3197 1046 3258 gau·

76 3289 90 3323 n
116 3263 199 3326 dent.

116 3374 132 3410 n
156 3358 188 3412 τ’
210 3352 385 3436 Superiores
403 3351 558 3433 regulares
576 3351 614 3413 ad
636 3371 714 3434 quos
733 3359 864 3436 spectat,
882 3354 1048 3418 concedere

76 3465 91 3500 n
116 3447 258 3524 poterunt
272 3441 443 3520 hujusmodi
468 3441 609 3522 professis
632 3441 742 3504 litteras
764 3442 948 3506 dimissorias
968 3444 1047 3506 dun·

78 3553 92 3588 r
117 3528 248 3590 taxatad
272 3532 323 3590 l¹¹²
346 3537 502 3593 tonsuram
525 3536 555 3591 et
576 3528 614 3592 ad
628 3530 749 3594 ordines
763 3535 911 3608 minores,
928 3535 1049 3599 servatis

79 3640 93 3680 a
116 3616 282 3680 servandis.

118 3725 134 3764 ι
156 3707 187 3767 8⁰
203 3709 283 3767 dnm
297 3703 490 3787 professionis
525 3707 576 3780 uui
592 3707 622 3770 iu
637 3709 717 3772 dicto
730 3710 842 3774 Ordine
855 3713 1050 3795 requiruntur
