2528 3996
223 269 280 334 556
442 283 578 332 assume
598 281 700 329 rorros
717 275 800 327 vturs
819 281 967 327 summer.

263 386 351 466 Hesp.
371 403 388 442 ι
401 386 432 445 5
446 383 506 443 Leo
520 383 546 444 X
560 379 709 442 concessit
722 377 905 461 religiosis..
922 385 954 439 ut
969 375 1089 459 possim
1105 378 1243 444 antici·

224 496 239 534 o
263 491 335 554 pare
352 471 448 534 oflieia
468 470 622 570 longiora
636 475 666 529 et
690 485 841 530 reservare
865 466 999 528 breviora
1020 484 1080 565 pro
1100 465 1243 529 diebus

225 586 239 622 v
265 579 387 640 nrajorrs
399 557 616 642 occupationis
632 561 664 618 2⁰
678 555 817 618 clemens
831 557 883 616 Vll
897 553 1045 617 concessit
1057 555 1218 618 omnibus

225 675 240 709 u
266 649 453 732 regularibus
477 645 670 726 infirmis(..
690 645 741 726 qui
758 663 811 726 per
831 661 939 706 senon
960 653 1156 706 excusantur
1178 645 1215 706 ab

227 763 242 799 u
266 727 375 816 officio)
389 745 419 799 et
440 735 624 810 infirmariis,
646 751 734 815 posse
750 730 922 795 satisfacere
936 729 1034 793 ollicio
1048 731 1215 795 recitando

227 853 242 888 a
266 831 285 890 6
303 833 356 890 aut
373 833 389 888 *1
414 825 545 907 psalmos
562 821 769 904 (assignandos
782 824 800 882 a
814 821 1002 903 superiore),
1017 825 1036 880 'l
1062 821 1171 883 Pater
1187 827 1214 884 et

229 941 242 977 u
267 921 285 980 2
309 914 413 978 Credo.
433 917 471 976 Et
485 913 629 975 Martinus
652 914 676 972 V
704 911 851 974 concessit
870 909 1162 974 convalescentibus
1183 917 1213 973 ut
1243 973 1244 986 p

229 1031 243 1066 a
268 1004 435 1067 satislacere
456 1007 578 1084 possent
596 999 726 1063 dicendo
745 1000 827 1061 illam
846 998 936 1062 officii
958 1005 1101 1080 partem,
1119 1019 1212 1081 quam
1243 987 1244 1012 ¹

229 1119 243 1154 u
264 1091 441 1174 judicaverit
462 1109 568 1154 eorum
588 1089 798 1153 confessarius.
824 1091 855 1150 3⁰
873 1090 978 1150 lnnoo.
1002 1089 1044 1149 IV
1057 1091 1214 1152 concessit

229 1205 244 1240 a
269 1179 448 1243 Monialibus
462 1181 493 1242 S.
511 1180 604 1242 Clarae
617 1181 655 1257 let
670 1179 711 1240 ito
725 1177 899 1258 intelligitur
912 1195 967 1258 pro
982 1177 1136 1240 omnibus
1150 1180 1214 1240 aliis

230 1295 244 1329 o
268 1267 578 1346 communicantibus)
605 1266 773 1330 satisfacere
795 1265 894 1328 officio
924 1283 1150 1329 conversarum
1176 1269 1213 1330 ob
1244 1295 1245 1310 5

232 1383 246 1418 a
269 1376 496 1442 quamcumque
503 1356 709 1420 rationabilem
718 1374 856 1434 causam,
866 1375 895 1418 v.
908 1376 936 1436 g.
949 1355 973 1418 si
988 1355 1138 1436 religiosa
1153 1375 1213 1419 non

232 1473 246 1508 a
271 1449 307 1511 sit
321 1449 398 1511 bene
412 1449 555 1509 instructa
566 1447 651 1525 juxta
661 1445 810 1524 judicium
826 1443 1005 1522 nutavisse,
1020 1453 1073 1507 aut
1090 1445 1213 1509 confes·

232 1561 246 1596 o
271 1537 358 1614 sarii,
375 1536 406 1599 in
419 1536 518 1599 ollioio
532 1534 731 1597 choristarum
748 1541 823 1596 :aut
840 1533 865 1596 si
887 1536 924 1596 sit
944 1534 1148 1614 scrupulosa,
1164 1543 1213 1598 aut

233 1651 247 1686 a
272 1627 311 1690 ob
334 1627 451 1690 labores
472 1626 567 1702 lassa,
592 1631 643 1686 aut
665 1631 811 1705 occupata
835 1623 926 1686 rebus
945 1623 1111 1686 utilibus...
1135 1629 1213 1707 (sup

232 1741 247 1776 n
272 1717 394 1799 ponitur
407 1714 489 1797 qubd
512 1713 674 1795 privilegiis
693 1711 844 1774 concessis
858 1711 1040 1775 monialibus
1054 1713 1212 1794 gaudeant

233 1831 247 1863 t
241 1807 362 1868 etiam
377 1803 506 1884 religiosi
521 1802 558 1864 ad
573 1801 749 1882 invicem)...
768 1801 1055 1864 animadvertunt...
1072 1803 1213 1866 Salman

234 1916 249 1952 a
272 1895 322 1956 tic.
339 1891 509 1973 hujusmodi
526 1889 680 1974 privilegio
693 1909 746 1954 eos
758 1907 845 1972 posse
857 1891 996 1953 utietiam
1007 1890 1073 1952 sine
1090 1891 1212 1956 licentia

235 2007 249 2040 u
276 1982 481 2064 Superiorum.
494 1982 600 2042 oltaS.
613 1980 749 2062 Liguor„
760 1979 922 2042 DePrvnil.
935 1981 978 2056 (n
990 1982 1058 2054 505,
1071 1987 1106 2042 et
1117 1981 1170 2044 lrb
1182 1987 1210 2058 5
1246 1984 1247 2050 l

236 2073 267 2132 n⁰
281 2075 350 2148 63),
366 2070 418 2151 qui
438 2069 539 2148 adjicit
557 2069 612 2130 sibi
636 2088 698 2130 non
721 2070 839 2150 placere
856 2068 1033 2130 sententiam
1049 2057 1247 2132 Salmanti

234 2161 371 2222 censium
386 2159 582 2221 asserentium
594 2176 655 2220 non
666 2175 789 2239 peecare
804 2156 949 2219 lethaliter
963 2156 1115 2219 moniales
1125 2178 1209 2240 ‚quse

237 2247 348 2310 utendo
363 2247 453 2309 modo
465 2248 546 2309 dicto
560 2247 714 2328 privilegio
728 2246 900 2308 omitterent
915 2246 1058 2308 laicarum
1072 2247 1210 2310 officium

236 2337 291 2416 (De
317 2335 441 2412 erasit,
464 2336 619 2418 555558).
635 2334 787 2408 -Quoad
812 2341 933 2416 tempus
955 2333 1132 2416 interdicti,
1148 2337 1211 2402 ride

237 2423 314 2488 inira
327 2423 453 2488 dicenda
467 2427 576 2505 (6669).

277 2519 366 2580 cclii.
382 2517 502 2588 Quaerit.
518 2519 550 2578 8ο
564 2517 597 2577 ln
611 2532 744 2596 (1550555555
758 2519 901 2576 consistat
913 2512 1104 2596 privilegium
1120 2535 1212 2599 ragu-

239 2607 346 2670 larium
358 2605 414 2667 sibi
424 2604 553 2685 eligendi
568 2604 822 2666 Conservatoresi

277 2697 367 2777 Resp.
388 2696 445 2756 Per
464 2695 692 2756 conservatores
712 2693 918 2774 intelliguntur
937 2690 1058 2756 Judtees
1074 2696 1214 2774 partica·

240 2785 315 2848 lares
329 2788 347 2847 a
360 2785 390 2846 S.
408 2781 552 2845 Ponticae
567 2781 693 2863 delegati
708 2780 745 2843 ad
759 2782 876 2863 aliquos
889 2779 1095 2845 defendendos
1105 2794 1213 2848 contra

240 2873 412 2936 manifestas
424 2872 558 2950 injurias,
570 2870 719 2933 molestias
729 2878 758 2932 et
766 2869 1052 2953 violentias‚absque
1065 2871 1212 2958 indagine

239 2961 381 3042 judiciali.
398 2963 438 3022 lta
449 2961 580 3022 Ferraria
598 2961 637 3038 (v·
656 2961 893 3038 Consternatum,
908 2969 942 3021 55ο
957 2961 995 3040 5),
1010 2977 1046 3022 cx
1061 2979 1136 3044 cap.
1157 2969 1169 3026 t
1186 2973 1212 3026 et

243 3052 296 3124 55,
312 3047 347 3109 de
361 3049 451 3128 officio
458 3047 556 3128 judic.
571 3047 677 3130 deleo„
694 3049 725 3110 in
739 3052 782 3110 6⁰.

282 3141 370 3199 5645.
394 3138 464 3198 llaec
491 3145 591 3199 autem
614 3137 714 3200 statuit
736 3139 860 3219 Gregor.
880 3141 933 3202 XV
957 3139 987 3201 in
1007 3141 1062 3202 sua
1081 3138 1210 3207 constit.

242 3225 448 3288 Sanctissimae
461 3229 500 3288 56
513 3225 659 3307 septemb.
672 3231 746 3288 5655
759 3246 766 3288 :
783 3227 868 3307 u§2.
886 3227 1103 3291 infuturum...
1124 3235 1214 3297 Saric-

243 3337 258 3372 o
283 3315 350 3376 titas
364 3317 460 3376 Sua...
476 3317 578 3378 statuit
594 3323 625 3378 ut
639 3316 760 3378 ludices
773 3317 1000 3382 conservatores
1015 3317 1212 3398 hujusmodi,

243 3427 258 3460 a
282 3403 343 3464 sive
369 3403 549 3486 principales
578 3404 639 3466 sive
661 3405 833 3488 subrogati,
865 3405 952 3488 eligi.
974 3407 1147 3488 nominari,
1167 3419 1214 3474 aut

243 3491 417 3572 »deputari
445 3511 506 3554 non
532 3495 647 3573 possint
670 3493 726 3555 nisi
750 3512 811 3555 non
837 3493 935 3556 solirm
957 3493 1084 3557 habeant
1115 3503 1212 3580 quati·

246 3601 258 3636 5
285 3587 392 3643 tates...
413 3579 613 3662 descriptas...
638 3581 670 3642 in
695 3584 914 3647 constitutione
938 3581 1080 3646 Bonilacii
1112 3587 1211 3652 Vlli...

247 3684 353 3748 sque
372 3663 477 3748 incipit
500 3667 653 3730 Statuttuu
681 3664 726 3746 (dc
751 3672 900 3754 rescript,
925 3671 955 3734 in
978 3673 1039 3750 cvl,
1063 3670 1105 3734 lta
1123 3683 1159 3738 ut
1173 3679 1212 3736 ut
