2528 3996
203 237 274 301 aas·
421 257 558 301 nauuam
578 255 678 300 nortus
697 255 779 301 runis
799 252 947 300 cauomct.

202 362 255 418 aut
267 355 331 418 aliis
341 357 417 436 juris
431 355 560 419 textibus
574 361 715 432 extructa,
731 353 828 418 fusius
844 352 1060 436 expenduntur
1073 352 1097 416 ἑ
1111 353 1189 416 Fer·

203 445 474 528 rariotudjecu).
525 487 528 492 -

244 537 332 598 3087.
349 536 471 607 tiuaerit.
492 536 523 598 p
542 536 686 608 Quanam
706 533 744 598 sit
761 531 894 596 conditio
914 530 1048 614 religiosi
1065 531 1187 595 solem·
1227 554 1231 573 ·

205 623 283 684 niter
293 623 415 706 professi
427 631 493 706 post
506 625 571 704 eius
584 623 785 704 eiectionem?

245 715 334 795 llesp.
351 715 477 776 l⁰luxta
489 713 646 778 Urbanum
662 713 724 774 Vlll
734 760 742 785 ‚
753 711 929 774 solemniter
938 709 1065 792 professi
1079 709 1184 791 ejecti.

206 802 346 885 quamdiu
358 822 416 863 uon
438 801 582 864 redierint
594 800 635 863 ad
655 801 856 882 Bela‘pt'ouerm
872 799 905 860 in
926 797 1032 861 babitu
1044 797 1189 862 clericuli

204 891 338 954 incedere
350 891 466 966 debent,
483 892 605 968 saltem,
618 892 701 972 Juxta
716 891 889 953 Suarezium
903 897 935 952 et
953 888 1028 950 alios
1046 888 1186 962 multos.

208 981 232 1043 si
248 980 403 1043 ordinibus
423 981 592 1042 minoribus
614 981 675 1042 sint
696 980 820 1058 initiati,
835 988 923 1060 atqcue
943 976 1109 1041 Ordines-ii
1132 979 1189 1040 loci

205 1068 410 1151 jurisdictioni
422 1078 451 1132 et
463 1068 759 1134 obedieutiaesubessc.
778 1069 847 1132 Plus
860 1069 900 1129 Vl
910 1075 1013 1130 autem
1021 1068 1188 1150 Episeopis

209 1159 311 1221 Galliae
332 1166 522 1221 concesserat
535 1157 705 1222 facultatem
727 1156 921 1240 dispensandi
943 1157 974 1219 in
997 1157 1188 1238 obligatione

209 1248 356 1328 religiosis
370 1248 509 1330 impostae
521 1246 678 1311 incedendi
691 1249 723 1310 in
737 1247 841 1311 babitu
854 1247 994 1310 clericali.

249 1340 418 1402 tues-2⁰
431 1339 554 1400 Manent
567 1338 704 1420 suspensi
718 1338 756 1400 ab
770 1338 854 1398 omni
869 1337 1012 1399 exercitio
1024 1335 1187 1414 ordinum,

211 1445 267 1490 nee
281 1436 406 1509 possunt
418 1429 597 1490 corroionare
613 1445 711 1510 noque
724 1426 845 1488 docere.

251 1520 339 1580 3089.
353 1552 390 1562 -
405 1521 436 1579 3⁰
449 1519 504 1580 lus
518 1536 579 1578 non
597 1516 707 1578 babent
724 1523 758 1578 ut
777 1515 833 1578 sibi
848 1519 864 1578 a
878 1515 1025 1596 religione
1040 1515 1190 1579 alimenta

212 1606 455 1689 suppeditentur,
471 1605 526 1668 nisi
544 1606 653 1685 iniuste
666 1605 793 1668 fuissent
806 1605 892 1686 ejecti
908 1623 917 1666 t
933 1605 984 1666 lite
996 1612 1103 1668 tamen
1118 1625 1191 1689 pen·

211 1695 316 1771 dente,
331 1695 473 1758 alimenta
486 1695 529 1756 eis
543 1694 710 1777 praestanda
726 1700 807 1757 sunt.

252 1789 341 1848 3090.
357 1819 397 1831 -
409 1789 441 1846 t⁰
466 1785 511 1846 ad
526 1783 694 1847 essentialia
711 1791 848 1846 votorum
867 1787 1009 1846 tenentur
1020 1786 1043 1860 ¹,
1058 1783 1189 1866 proinde

212 1875 375 1936 castitatem
398 1892 515 1936 servare
533 1871 661 1950 debent3
686 1873 845 1954 incapaces
867 1879 937 1936 sunt
958 1871 1106 1946 dominii,
1133 1893 1188 1936 nec.

213 1965 312 2026 testari
335 1963 453 2039 valent;
479 1962 638 2024 Ordinario
664 1961 721 2024 loei
745 1963 798 2044 qui
826 1962 898 2043 ipsis
920 1961 988 2025 looo
1016 1963 1187 2044 Superioris
1256 2019 1257 2022 ,

213 2051 400 2114 substituitur
414 2051 535 2112 obedire
545 2049 665 2113 debent.
678 2053 803 2132 Propter
815 2051 1021 2113 necessitatem
1030 2053 1186 2133 prasentia

213 2159 318 2202 eorurn
333 2143 425 2202 statius
439 2141 524 2220 plura
539 2140 636 2202 facere
651 2147 774 2222 possunt
796 2143 887 2222 quant
909 2157 970 2202 non
984 2140 1084 2202 solent
1097 2160 1186 2223 ragu-

214 2229 290 2290 larcs
308 2229 338 2289 in
353 2236 502 2290 conventu
518 2237 674 2290 manentes
689 2249 696 2290 :
713 2227 824 2291 babent
836 2229 918 2291 enim
936 2247 1027 2292 usum
1046 2237 1078 2292 et
1090 2231 1187 2294 adrni-

214 2317 421 2378 nistrationem
454 2318 689 2399 lenrporalium3
722 2325 848 2400 possunt
875 2336 1000 2395 emere,
1029 2320 1186 2396 vendere,

213 2405 344 2479 donare,
368 2413 457 2488 prout
476 2407 569 2488 exigit
591 2425 697 2469 eorum
719 2405 873 2485 coaditi03
897 2407 950 2470 sed
974 2426 1037 2470 non
1060 2419 1189 2491 possum

216 2495 313 2559 fecere
327 2514 473 2579 expensas
488 2515 612 2578 magnas
624 2495 806 2578 superfluas,
822 2514 878 2560 neo
891 2495 1070 2562 donationes
1084 2519 1189 2564 rerum

215 2587 317 2669 magni
341 2587 462 2662 valoris;
484 2586 521 2648 ab
545 2586 663 2666 illisque
683 2585 862 2667 accipientes
879 2594 1019 2650 tenentur
1042 2588 1082 2650 ad
1103 2591 1190 2654 resti·

218 2679 380 2762 tutionem
398 2675 476 2738 bona
489 2675 607 2757 abipsis
621 2676 764 2756 acquisita
774 2683 857 2738 extra
870 2677 1016 2750 claustra,
1032 2677 1070 2740 ad
1085 2680 1190 2742 Came·

218 2785 281 2828 ram
312 2765 512 2848 Apostolicam
546 2765 706 2845 pertinent.
736 2765 812 2826 Item
836 2763 937 2846 quoad
964 2766 1188 2846 obedientiam,

219 2855 303 2936 plura
325 2854 411 2934 ejecti
434 2854 531 2916 lacere
550 2860 674 2934 possunt
691 2852 805 2934 absque
828 2853 959 2932 licentia,
984 2863 1074 2936 prout
1097 2859 1190 2941 exigit

217 2961 349 3023 praeseus
364 2943 483 3006 illorum
504 2941 651 3014 conditio,
667 2943 738 3024 quia
761 2941 833 3023 ipsis
846 2942 915 3005 data
933 2953 1074 3008 censetur
1088 2948 1189 3029 quoad

218 3031 275 3093 hoc
287 3031 434 3111 generalis
454 3032 588 3094 facultas.
604 3031 744 3110 Ejectus,
761 3031 861 3112 inquit
880 3033 911 3094 S.
931 3033 1054 3115 Liguor.
1076 3036 1143 3114 (lib.
1158 3043 1188 3110 t,

219 3121 251 3182 n⁰
264 3123 324 3198 tlt),
345 3122 390 3182 ua
406 3121 577 3183 monasterii
594 3119 790 3183 observantiis
799 3128 828 3182 et
842 3122 964 3203 regulis,
979 3131 1012 3186 ul
1023 3125 1042 3186 t
1052 3125 1188 3206 jejuniis,

219 3233 233 3269 a
257 3208 384 3290 uigiliis,
400 3209 516 3270 delectu
537 3209 675 3271 ciborum
697 3215 728 3271 et
748 3207 895 3274 similibus
915 3211 990 3273 liber
1010 3219 1109 3293 est...;
1135 3235 1190 3280 neo

219 3321 233 3358 r
258 3305 376 3361 tenetur
395 3297 433 3360 ad
455 3297 591 3360 divinum
611 3297 765 3376 officium,
781 3299 838 3361 nisi
858 3299 895 3362 sit
908 3301 940 3362 in
953 3303 1085 3365 sacris...
1107 3305 1189 3370 ldem

251 3460 259 3487 ¹
276 3451 421 3506 Scholaslloi
434 3461 515 3506 tamen
528 3462 552 3508 et
563 3455 604 3507 alir
613 3474 662 3506 non
673 3455 816 3508 solemniter
825 3457 928 3525 professi
939 3459 964 3510 iu
976 3458 1111 3526 Societate,
1121 3465 1189 3520 iberi

221 3533 246 3579 et
256 3525 349 3591 absque
363 3527 461 3578 vinculo
474 3527 589 3592 religioso
602 3527 776 3588 dimittunlura
792 3527 907 3596 idemque
919 3531 994 3583 hodie
1005 3540 1044 3584 est
1055 3535 1189 3592 dicendum

222 3597 252 3648 de
264 3597 358 3648 ceteris
366 3598 527 3664 religionibus
537 3599 654 3657 virorum,
663 3599 705 3650 ubi
718 3599 906 3665 postdecretum
917 3603 985 3665 1851,
995 3605 1074 3656 eurilti
1080 3610 1188 3678 primun

224 3681 271 3720 non
284 3667 374 3720 debent
384 3679 440 3722 rota
452 3667 580 3721 solemnis.
591 3669 650 3722 llldo
661 3669 727 3722 illota
738 3685 812 3738 rupta
824 3671 915 3740 (2690).
