2534 3996
169 145 229 208 aas
390 153 531 204 urnulas
549 151 650 200 rarius
673 149 756 198 sunta
775 142 921 192 canantur.

170 276 242 322 cum
257 255 396 323 facultate
414 251 517 317 utendi
536 249 729 312 matrimonio
748 247 811 326 jem
829 247 998 321 contracto,
1013 241 1060 305 uel
1074 258 1150 304 con·
1242 275 1243 332 p

170 347 307 410 trahendi
324 345 459 410 futurum
479 339 715 404 matrimonium.
731 334 807 398 Vide
825 334 870 396 De
892 331 1006 414 laetiq„
1024 337 1098 392 torn.
1115 335 1147 406 8,

171 437 223 499 lib.
239 440 269 506 9.
285 454 352 517 cap.
364 439 419 498 att.
436 431 495 496 Sed
505 431 576 494 huic
588 427 732 491 doctrinae
745 424 940 488 communitas
953 421 1151 484 adversantur

172 528 233 587 bb.
251 524 326 586 Vide
340 543 389 606 ep.
407 525 442 584 b.
460 520 573 590 licuit,
590 518 634 581 De
648 514 766 597 Itepul„
782 521 856 576 tom.
872 517 903 588 2,
919 532 949 594 p.
965 514 1106 572 retest.

212 617 302 676 stas.
330 612 444 676 Dicitur
464 605 643 674 alseatina
664 605 696 665 in
717 621 859 664 commum
891 598 1007 664 orbandi
1028 598 1152 660 modus:

173 702 311 786 qusmvis
325 702 408 764 enim
422 698 460 762 ad
482 696 644 762 essentiam
660 695 760 756 Stattts
774 689 904 772 religiosi
920 705 981 752 non
1005 689 1153 772 pertineat

175 799 208 855 ut
221 794 252 854 in
266 809 303 855 eo
317 791 425 854 existat
436 788 496 851 vita
508 784 700 849 cummunis:
717 799 788 860 nam
802 780 894 858 olim,
917 779 1021 855 tertio,
1043 786 1152 862 quarto

175 887 245 956 etc..
261 880 378 942 saeculis
390 927 399 957 ,
413 878 475 941 veri
490 875 630 938 exstitere
638 869 769 954 religiosi
789 869 842 951 qui
854 869 945 931 uitam
965 869 1152 930 eremiticam
1242 853 1243 882 ¹

175 969 346 1046 ducebant;
365 973 496 1030 attamen
510 961 600 1026 bodie
613 960 777 1044 requiritur
796 959 854 1020 vita
874 958 1066 1034 communis3
1093 963 1154 1022 «et

175 1080 191 1118 a
216 1063 297 1140 palat
310 1076 346 1120 arr
360 1075 427 1138 cap.
442 1053 524 1116 tinali
535 1101 543 1130 ,
554 1051 589 1114 da
602 1049 751 1132 relicturis
764 1047 910 1124 domitas,
922 1055 952 1110 et
965 1066 1031 1130 cap.
1048 1047 1151 1128 unico,

177 1169 192 1206 a
216 1145 325 1209 eodem
338 1145 436 1221 titulo,
448 1145 480 1206 in
495 1147 538 1220 θ’,
555 1140 607 1204 ubi
621 1139 760 1203 statuitur
773 1145 838 1200 vota
853 1137 1029 1219 religiosa...
1042 1137 1155 1200 debere

178 1255 193 1294 a
218 1235 283 1298 steri
304 1228 506 1316 in'lleligione
529 1229 692 1313 approbata
713 1232 729 1290 a
753 1227 830 1290 Sede
855 1227 1044 1308 Apostolict;
1070 1227 1155 1312 atqui

178 1346 193 1385 s
218 1323 388 1388 secundirm
407 1328 587 1406 presentem
604 1317 745 1381 Ecclesiae
767 1315 1038 1390 consuetudinem,
1062 1316 1156 1382 Sedes

180 1433 195 1474 r
222 1413 393 1495 Apostolica
409 1429 470 1474 oon
485 1409 633 1494 approbat
654 1407 709 1469 nisi
725 1408 841 1469 Statum
854 1405 1084 1479 coenobiticum,
1100 1425 1156 1469 seu

180 1527 195 1564 a
219 1502 251 1565 in
264 1502 422 1566 communi
437 1499 599 1563 viventium
614 1497 670 1560 sub
685 1513 747 1558 uno
765 1496 904 1577 Capita...
917 1501 948 1557 et
960 1495 1018 1558 sub
1031 1499 1092 1558 uni
1107 1513 1156 1557 re-

180 1614 195 1652 a
220 1593 290 1674 gula
308 1591 508 1676 approbati...
526 1610 541 1648 a
560 1589 660 1668 Ergo,
675 1592 732 1648 etc.
747 1585 871 1648 -llide
890 1585 1159 1668 Scbmalzgrueber

181 1681 273 1765 (apud
289 1681 396 1751 Bouix,
407 1679 453 1742 De
466 1676 585 1758 Rapui„
600 1683 674 1738 tom.
692 1679 721 1746 l,
735 1695 765 1758 p.
781 1677 840 1752 55).

222 1775 311 1834 atat.
335 1772 368 1831 P.
392 1767 544 1830 Gautralet
561 1773 663 1828 tamen
682 1764 798 1847 opinari
821 1765 938 1828 videtur
952 1783 1041 1848 possa
1059 1764 1158 1828 adhuc

183 1861 310 1923 existere
324 1858 477 1934 eremitas,
499 1862 530 1918 et
547 1853 701 1918 habendos
720 1851 783 1917 lore
802 1861 835 1917 ut
853 1871 940 1916 veros
957 1853 1112 1936 religiosos
1133 1855 1157 1917 si

183 1949 278 2012 tritius
298 1948 373 2009 votis
392 1965 424 2008 se
441 1943 629 2007 devincirent
649 1944 894 2028 inperpetuum,
913 1942 970 2008 sub
988 1943 1160 2006 obedientia

182 2036 362 2102 confessoris
376 2033 468 2116 (Vide
487 2033 587 2096 Troite'
600 2033 634 2096 de
648 2033 731 2094 l'etat
751 2033 856 2116 calip..
871 2039 944 2095 tom.
964 2037 1000 2107 4,
1016 2053 1046 2116 p.
1071 2037 1157 2110 tart:

183 2126 235 2189 sed
246 2126 283 2188 ad
294 2126 351 2188 bac
361 2123 563 2188 necessarium
574 2129 652 2186 essct
661 2131 694 2184 ut
708 2121 880 2202 huiusmodi
894 2125 994 2186 Status
1010 2123 1048 2184 ab
1058 2124 1161 2186 Eccle-

184 2217 228 2278 sia
250 2214 466 2300 approbaretur
488 2221 517 2274 et
539 2211 666 2295 proinde
688 2217 721 2274 ut
741 2211 904 2274 Ecclesiae
925 2215 978 2274 suti
997 2213 1082 2296 praxi
1097 2231 1160 2275 nou

184 2301 370 2386 approbandi
387 2304 443 2364 nisi
459 2304 575 2366 Statum
589 2300 803 2363 coenobiticum
817 2301 980 2367 recederet.

225 2398 313 2455 atat.
336 2393 451 2455 Dicitur
473 2395 505 2454 3ο
526 2389 574 2454 Ab
595 2389 731 2453 Ecclesia
749 2391 949 2474 approbatae:
971 2391 1037 2456 haec
1057 2399 1160 2456 sutem

186 2483 360 2566 approbatio
370 2481 432 2544 duc
446 2481 600 2563 importat:
610 2479 758 2560 iudicium
772 2479 810 2542 de
824 2479 978 2544 honestate
991 2489 1023 2544 et
1035 2481 1161 2546 utilitate

186 2573 251 2635 talis
264 2571 403 2647 Ordinis,
417 2578 448 2633 et
461 2577 637 2654 potestatem
658 2570 868 2653 Superioribus
880 2570 982 2634 datam
996 2572 1161 2654 recipiendi

186 2661 369 2744 postulantes
387 2659 426 2722 sd
447 2659 584 2723 habiturn
602 2667 633 2722 et
654 2657 872 2741 professionem
887 2681 895 2739 ;
912 2663 1049 2744 queraris
1071 2681 1107 2725 cx
1128 2682 1161 2728 se

185 2751 317 2813 maxime
338 2749 522 2813 conveniens
543 2750 581 2812 sit
601 2748 683 2832 quod
698 2749 777 2812 Ordo
792 2749 949 2833 religiosus
962 2753 1103 2836 expresse
1122 2753 1161 2816 ab

185 2839 319 2902 Ecclesia
333 2839 532 2922 approbetur,
545 2838 657 2920 quippe
670 2838 715 2902 sic
728 2841 863 2902 securius
878 2839 1016 2922 amplecti
1032 2848 1130 2924 potest
1143 2846 1161 2904 ‘a

187 2927 343 3004 fidelibus,
358 2936 460 2989 tamen
484 2927 522 2990 de
536 2927 664 2991 assentit
683 2927 782 2992 Status
796 2929 926 3010 religiosi
947 2949 1013 2994 esse
1032 2950 1094 2994 non
1117 2933 1161 2994 vi·

188 3019 276 3080 detur
289 3017 355 3078 tulis
373 3017 568 3098 approbatio,
591 3019 663 3080 ciam
680 3017 745 3080 sinb
766 3021 801 3081 et
815 3019 931 3102 possint
951 3019 981 3082 in
1001 3021 1161 3086 coadesse

187 3107 290 3169 omnia
305 3105 417 3187 quibus
436 3107 633 3170 essentialiter
651 3108 843 3171 constituitur
861 3111 961 3173 Status
980 3110 1157 3193 religiosus:

188 3214 298 3278 nempe
312 3193 478 3256 observatio
494 3197 585 3258 trium
604 3197 800 3262 consiliorum
817 3199 1076 3282 evangelicorum,
1093 3209 1160 3266 roto

187 3285 316 3362 firmata,
330 3305 395 3348 carn
411 3286 571 3350 traditione
583 3288 630 3349 sni
650 3289 710 3352 Deo
723 3288 804 3370 factal
818 3297 846 3350 et
864 3287 902 3350 ab
919 3289 981 3372 ipso
998 3293 1158 3374 acceptati,

188 3377 224 3436 ad
239 3393 331 3456 quam
345 3379 580 3459 acceptationem
595 3377 762 3442 taciendam
777 3396 839 3442 non
853 3378 1048 3442 essentialiter
1059 3383 1160 3463 requi·

188 3464 263 3524 ritur
273 3471 306 3526 ut
320 3465 388 3546 quis
403 3465 440 3528 ab
454 3467 587 3529 Ecclesia
600 3469 778 3554 deputetur:
794 3477 949 3552 acceptare
962 3471 1035 3532 sane
1049 3477 1158 3552 potest,

188 3551 242 3612 llei
262 3555 403 3634 nomine,
419 3557 495 3620 alius
513 3556 631 3639 abipsa
646 3576 708 3620 uon
728 3557 902 3640 delegatus,
916 3557 1009 3624 modo
1027 3560 1160 3624 Ecclesia
