2550 3992
224 254 283 317 old
304 218 400 261 ζ’
443 269 582 320 uruntur
601 269 702 318 rouos
723 269 804 317 runrs
826 265 975 317 cauoutdr.

226 395 241 431 o
265 375 423 455 propterea
446 371 518 434 cirm
539 370 576 434 ad
598 387 695 433 annos
715 368 906 432 discretionis
925 367 1121 452 pervenerint
1140 387 1210 432 csse

226 483 242 520 a
265 459 543 542 rebaptizandos...,
559 457 776 522 anathemasit.
792 479 808 517 n
1222 481 1227 488 ·

265 547 349 611 Idem
371 555 416 610 est
436 548 600 610 dicendum
624 547 663 610 de
683 551 873 610 sacramento
895 545 1161 621 Conllrmationis,
1176 553 1209 608 ut

229 637 430 701 communiter
442 637 632 714 tenentDll,
647 641 678 698 et
688 635 727 698 de
736 642 924 698 sacramento
933 635 1066 710 Ordinis,
1076 643 1209 698 utoons·

229 733 271 788 tat
284 745 320 788 ex
332 725 421 788 antu
435 725 483 788 Eo
494 725 627 806 quumvis
641 732 768 806 tempore
779 723 979 798 Benedxw,
995 723 1096 785 lmaii
1110 727 1208 798 ¹⁷⁴5?
1267 777 1268 800 ,

231 823 259 876 ct
272 813 384 877 decisio
411 819 455 876 est
477 811 657 896 applicanda
679 813 826 894 perpetuo
847 812 1036 885 amentibus,
1065 818 1101 874 ut
1120 810 1211 874 docet

231 904 262 966 S.
278 903 410 966 Thomas
423 907 452 963 et
466 902 524 963 alii.
542 899 617 962 Vide
632 902 663 962 S.
679 901 816 982 Lignea,
831 899 884 962 lib.
901 905 941 978 6,
959 911 994 961 nt
1006 903 1058 963 80.

271 995 361 1054 3232.
386 990 467 1052 Noto
482 994 512 1052 l⁰
527 991 571 1051 Ex
586 991 621 1050 P.
638 991 732 1070 Gury,
744 989 788 1051 De
802 989 957 1071 Baptismo
968 989 1012 1068 (η’
1029 989 1112 1068 158),
1125 988 1210 1071 quod

232 1081 256 1141 si
270 1084 405 1141 amentes
418 1078 580 1161 aliquando
595 1077 641 1140 usi
659 1076 771 1140 luerint
785 1077 922 1154 ratione,
944 1077 1135 1160 probabilius
1148 1097 1210 1140 non

232 1167 326 1230 valeat
365 1167 558 1249 Baptismus,
590 1167 647 1230 nisi
673 1173 743 1229 ante
764 1173 927 1230 amentiam
950 1166 1037 1229 illum
1069 1165 1212 1248 petierim

232 1255 274 1336 (S.
296 1255 431 1336 Lignea,
455 1255 506 1318 lib.
527 1259 567 1333 6,
593 1268 627 1317 n⁰
652 1259 731 1334 lat).
752 1258 786 1318 ln
806 1255 890 1338 praxi
910 1253 1048 1318 tamenii
1068 1255 1213 1318 suntsub

232 1344 405 1408 conditione
419 1345 598 1426 baptizandi.

273 1437 363 1497 3233.
374 1467 414 1482 -
427 1434 507 1496 Noto
517 1433 615 1496 adhuc
624 1437 656 1496 2ο
667 1431 747 1516 qudd
758 1435 844 1514 pueri
855 1437 905 1496 aul
916 1433 1063 1514 perpetuo
1074 1439 1213 1496 amentes

234 1541 297 1585 non
317 1523 377 1585 sint
393 1541 518 1605 capaces
538 1529 797 1584 sacramentorum
818 1523 1021 1596 Poenitentiae,
1042 1523 1211 1583 Extrenrae·

235 1613 391 1678 Unctionis
410 1619 441 1674 et
453 1611 653 1686 Matrimonii;
668 1629 725 1673 nec
739 1611 798 1688 eis,
814 1611 919 1676 saltem
930 1611 1017 1690 juxta
1029 1609 1210 1674 hodiernam

235 1701 442 1783 disciplinam,
458 1701 537 1762 licite
549 1699 678 1763 conferri
694 1706 821 1781 possunt
840 1707 1025 1762 sacramenta
1040 1699 1209 1760 Confirma-

235 1789 326 1852 tionis
352 1795 382 1851 et
404 1788 618 1862 Eucharistiae,
655 1807 713 1851 uec
739 1789 783 1851 eis
810 1806 946 1871 uuquam
973 1787 1058 1850 licuit
1079 1786 1212 1850 conferri

237 1879 391 1940 Ordinem.

276 1969 366 2028 aaut.
382 1966 420 2028 Io
441 1965 561 2028 secando
581 1983 664 2040 coru,
686 1967 766 2028 certe
788 1965 951 2047 requiritur
973 1964 1211 2028 intentiosusci-

237 2054 338 2136 piendi
353 2061 586 2117 sacramentum.
602 2057 645 2116 lta
658 2055 860 2117 communiter
878 2071 949 2118 cum
963 2055 995 2116 S.
1009 2053 1127 2116 Thema
1145 2055 1208 2135 (ap.

237 2144 268 2204 S.
285 2143 421 2222 Lignea,
438 2142 492 2219 ibx,
509 2155 543 2204 n0
560 2142 635 2223 82);
656 2143 730 2206 ratio
748 2150 794 2206 est
813 2145 884 2226 quia
906 2144 983 2206 sicut
1004 2143 1127 2206 adultus
1149 2161 1213 2204 non

238 2230 1215 2316 receditaDecetamittitgratiam,nisiquiavultpeorarc‚itaad

237 2321 334 2382 Deum
349 2336 412 2380 nou
428 2317 505 2381 redit
518 2325 548 2382 et
562 2339 624 2382 non
644 2327 801 2404 recuperat
814 2322 958 2402 gratiam,
973 2320 1029 2382 nisi
1047 2319 1097 2381 illa
1112 2321 1214 2382 inten-

237 2407 338 2470 dendo
351 2413 382 2470 et
395 2408 580 2490 acceptando
594 2427 663 2492 quae
677 2408 715 2472 ad
729 2409 855 2490 gratiam
868 2415 899 2471 et
912 2412 1011 2472 Deum
1022 2408 1151 2471 ducunt.

278 2499 368 2561 3235.
391 2499 458 2560 Non
473 2505 574 2560 autem
588 2498 751 2580 requiritur
772 2499 803 2561 in
822 2498 1004 2580 suscipiente
1018 2499 1215 2562 Sacramenta

239 2587 366 2649 intentio
380 2585 525 2662 actualis,
540 2586 603 2648 imd
619 2605 675 2650 nec
689 2605 810 2670 semper
824 2587 977 2664 virtualis,
992 2586 1044 2650 sed
1056 2587 1169 2650 sufficit
1182 2589 1213 2650 iu

238 2673 380 2738 omnibus
394 2676 610 2747 sacramentis,
625 2676 805 2738 Paenitentia
817 2683 846 2740 et
860 2676 1050 2738 Matrimonio
1065 2679 1213 2760 exceptis,

239 2765 367 2828 intentio
385 2763 558 2840 habitualis,
580 2763 691 2840 idest,
707 2763 832 2827 intentio
849 2763 1011 2846 aliquando
1030 2763 1131 2826 habita
1145 2785 1214 2848 quar

239 2860 342 2934 postea
357 2871 417 2914 non
433 2851 489 2914 fuit
502 2859 677 2930 retractata;
693 2853 775 2916 unde
796 2855 887 2917 etiam
900 2853 1102 2930 dormientes,
1119 2853 1212 2925 ebrii,

241 2943 270 3002 in
295 2941 457 3002 amentiam
481 2941 578 3022 lapsi,
607 2941 697 3004 modo
724 2949 813 3005 antea
832 2943 1027 3006 intentionem
1050 2941 1214 3005 habuerint

241 3037 425 3088 sacramenta
448 3029 649 3112 suscipiendi,
672 3030 769 3094 valide
789 3049 823 3094 ea
846 3033 979 3113 recipere
1006 3041 1148 3112 possunt.
1172 3035 1214 3093 lla

240 3115 487 3178 communissima
508 3127 538 3179 et
555 3117 738 3201 probabilior
755 3119 913 3194 sententia,
931 3121 1013 3199 juxta
1027 3121 1058 3180 S.
1076 3119 1212 3200 Liguor.,

242 3203 293 3264 lib.
310 3207 349 3273 6,
370 3212 404 3264 n⁰
427 3205 476 3265 Sl.
493 3237 530 3252 -
545 3205 683 3270 illicitum
705 3215 807 3270 tamen
827 3213 872 3270 est
893 3207 1002 3270 talibus
1024 3223 1213 3270 sacramenta

241 3291 389 3367 conferre,
407 3291 463 3353 nisi
478 3293 663 3376 inprobabili
677 3296 810 3378 periculo
824 3299 940 3372 mortis,
951 3304 1000 3359 aul
1016 3297 1074 3359 nisi
1088 3298 1214 3378 quando

242 3379 372 3442 amentia
394 3391 532 3446 censetur
555 3382 619 3447 lore
640 3393 810 3470 perpetua:
831 3384 1052 3468 expectandum
1065 3392 1112 3448 est
1129 3391 1212 3451 enirn

243 3475 362 3548 tempus
375 3486 436 3550 quo
450 3471 615 3553 suscipiens
628 3477 683 3536 erit
697 3477 743 3537 sul
757 3492 882 3557 compos
895 3474 970 3552 (id).

282 3557 370 3617 3236.
394 3557 535 3628 Quinimo
550 3577 606 3640 pro
623 3561 803 3642 quibusdam
821 3563 1015 3626 sacramentis
1031 3561 1145 3628 sufficit
1166 3567 1212 3628 in·

245 3645 336 3706 tentio
345 3647 648 3734 interpretatusque
658 3667 817 3734 nunquam
825 3649 1211 3733 luithubitamedquaepna
