2522 4028
202 241 261 304 010
421 261 558 310 annuam
577 261 678 310 rorrus
698 259 780 309 roms
801 259 950 310 canonror.

239 362 330 423 2080.
356 360 423 422 Non
443 359 582 423 videntur
600 363 727 424 existere
756 360 837 444 leges
863 361 1018 443 generales
1041 363 1183 428 convivia

202 449 389 530 nuptiarum,
399 449 600 512 natalitiorum
609 451 654 512 vel
663 448 806 513 funerum
815 451 931 513 clericis
944 459 1089 515 vetarues.
1103 455 1183 516 Con-

202 537 1181 623 sulendasunttamendehisststutaunicuiquedioecesipropria.

201 627 261 689 Pro
273 627 396 709 nuptiis,
406 626 694 691 vidcetiamGonoil.
709 628 885 709 agathens,
896 647 995 692 canon
1007 630 1183 712 Presbyter,

203 715 270 778 dist.
288 720 337 778 34.

243 808 352 868 Carere
366 811 466 868 autem
480 805 592 868 debent
610 805 712 870 clerici
734 824 774 870 ne
788 806 863 869 alios
884 807 922 869 ad
942 807 1074 889 aequales
1087 815 1183 888 potus

202 895 349 976 obligent:
363 894 444 975 quod
459 895 515 956 sub
529 896 773 957 interminatione
788 896 994 978 suspensionis
1013 896 1043 957 in
1058 897 1180 959 Concil.

202 987 337 1047 Lateran.
353 985 392 1046 lv
406 983 592 1066 prohibetur.
609 984 684 1047 Vide
698 1003 764 1067 cap.
781 988 808 1046 A
821 984 944 1066 eropnld
958 989 1008 1065 11Ι
1019 983 1053 1046 de
1066 987 1133 1046 citri
1154 995 1184 1047 et

203 1073 325 1150 honest,
341 1081 398 1135 etc.

242 1165 332 1224 auat.
345 1195 382 1208 -
396 1164 428 1224 3⁰
442 1160 584 1224 Aleorum
600 1159 666 1224 Iudi
679 1185 689 1222 .-
703 1161 746 1224 sio
768 1162 851 1224 enim
870 1163 982 1225 babent
1004 1181 1072 1225 can.
1090 1165 1129 1224 ll
1153 1173 1183 1226 et

202 1255 241 1312 ta
257 1249 468 1330 Apostolorum
485 1270 493 1311 ε
513 1251 708 1332 «Episcopus
725 1258 776 1313 aut
789 1251 945 1333 presbyter
958 1259 1009 1314 aut
1030 1251 1181 1314 diaconus

201 1361 218 1400 ι
242 1339 294 1420 qui
308 1339 380 1401 aleae
394 1338 531 1421 indulget
548 1339 593 1401 vel
607 1339 735 1401 desinito
749 1339 795 1401 vel
809 1339 979 1422 deponitor.
996 1362 1012 1399 n

247 1450 262 1486 0
283 1427 511 1508 8001000000,
526 1434 651 1506 cantor,
668 1428 1114 1509 10000001000010111010011,
1131 1430 1179 1491 rei

203 1539 218 1580 a
243 1517 386 1596 desinito,
402 1518 447 1580 vel
460 1521 477 1580 0
492 1518 707 1580 commuuione
730 1519 910 1599 sejungitor;
936 1519 1072 1579 similiter
1086 1520 1178 1580 etiam
1249 1530 1250 1589 j

203 1629 218 1666 u
243 1605 347 1670 101000.
363 1629 379 1666 n
396 1607 602 1670 communiter
616 1615 716 1668 autem
737 1606 842 1668 dieunt
864 1608 927 1667 bb.
948 1607 1049 1688 quoad
1063 1607 1177 1686 laicos,
1249 1626 1250 1645 ³

203 1695 275 1759 huic
288 1697 397 1758 canoni
412 1696 630 1758 consuetudine
643 1695 822 1776 derogatum
836 1694 938 1758 fuisse.
962 1697 1009 1776 (S.
1031 1697 1176 1776 bignon,
1249 1710 1250 1733 ³

204 1783 255 1847 lib.
268 1791 299 1863 3,
312 1797 345 1846 0ο
360 1787 444 1865 885.)
1248 1793 1249 1798 ’

243 1877 317 1936 item
332 1875 363 1934 in
377 1891 444 1954 cap.
458 1872 571 1936 Clerici
585 1877 634 1949 15,
649 1873 682 1934 de
698 1874 760 1935 vitri
774 1882 802 1936 et
816 1873 940 1950 honest,
956 1882 1029 1951 etc,
1044 1881 1177 1936 extracto

203 1963 348 2026 1000011.
365 1963 502 2023 lateran.
519 1964 578 2040 IV,
596 1963 639 2024 sio
652 1963 694 2023 ait
711 1965 814 2025 Innoc.
831 1965 888 2024 lll:
909 1962 1085 2024 uClerieiad
1097 1963 1176 2024 aleas

203 2074 219 2113 a
245 2058 274 2113 et
287 2051 404 2113 taxilles
419 2069 479 2112 non
495 2049 618 2128 ludant,
640 2070 696 2114 nee
709 2051 881 2131 hujusmodi
901 2051 980 2114 ludis
994 2051 1142 2113 intersint.
1159 2075 1173 2110 n

203 2143 304 2203 -Per
317 2140 413 2202 aleam
427 2147 528 2202 autem
542 2141 715 2221 intelligitur
726 2140 814 2203 ludus
823 2141 874 2222 qui
885 2141 940 2202 soli
954 2139 1177 2202 1000001001-

204 2231 285 2294 titur.

244 2321 332 2381 0080.
351 2317 572 2380 hduertendum
583 2317 665 2398 quod
675 2336 818 2395 0000000,
833 2317 921 2380 ludos
929 2317 1064 2380 alearum
1077 2325 1177 2381 vetan-

203 2415 259 2482 tes,
275 2408 355 2469 solos
364 2417 549 2468 concernunt
562 2407 687 2468 clericos
701 2408 732 2468 in
743 2409 836 2468 sacris
849 2407 1043 2486 constitutos,
1059 2407 1177 2470 benefi-

204 2497 295 2558 ciatos
305 2515 340 2559 00
348 2497 518 2577 religiosos:
533 2495 604 2576 quia
613 2494 660 2556 his
669 2495 796 2575 legibus,
809 2503 957 2576 quatenus
967 2497 1041 2558 alios
1052 2496 1176 2558 clericos

204 2591 338 2664 spectant
350 2631 358 2660 ‚
370 2581 589 2645 consuetudine
596 2581 772 2662 derogatum
784 2581 855 2660 luit,
872 2583 1013 2644 utietiam
1027 2590 1176 2665 quatenus

204 2672 295 2734 laicos
309 2679 506 2734 concernunt.
523 2672 565 2750 (S.
582 2671 717 2751 bigam,
735 2671 785 2732 lib.
802 2675 841 2748 3,
858 2673 991 2749 110835.)

242 2777 330 2836 2083.
348 2773 430 2833 Idem
445 2774 475 2834 S.
492 2772 612 2852 Liguor.
630 2771 739 2849 (11103,
756 2784 789 2832 0ο
802 2775 876 2849 899,
893 2775 963 2853 etc.)
982 2771 1176 2836 0101110000

203 2880 327 2945 peccare
351 2861 477 2942 graviter
495 2861 621 2922 clericos
645 2860 697 2940 qui
714 2862 803 2938 rard,
819 2861 972 2922 moderate
987 2868 1016 2922 et
1038 2863 1176 2942 privatim

203 2954 269 3013 sine
283 2949 423 3013 scandalo
437 2949 509 3010 aleis
524 2949 641 3010 ludunt.
659 2951 723 3010 Imd
733 2949 936 3029 probabiliter,
953 2967 1009 3010 000
1022 2951 1177 3013 venialiter

203 3059 343 3123 peccare,
361 3041 401 3114 si,
417 3037 609 3099 recreationis
622 3041 724 3112 causa,
743 3037 892 3099 ludentia
915 3039 980 3099 1000
994 3039 1045 3100 001
1063 3041 1175 3119 praelati

203 3147 335 3192 canones
350 3144 409 3188 nou
422 3125 518 3207 rigide
532 3125 745 3202 observantur3
762 3144 859 3203 secus,
871 3127 895 3186 si
905 3125 1117 3208 frequentaret
1124 3147 1177 3210 per

203 3218 327 3299 longum
341 3224 476 3296 tempus,
493 3214 548 3277 etsi
569 3215 601 3276 in
621 3217 710 3296 parva
730 3215 905 3295 quantitate.
928 3217 972 3276 lta
993 3218 1177 3278 eommunis

203 3379 330 3429 bitionem.
348 3375 495 3442 Huiusmodi
512 3380 596 3426 autem
617 3373 783 3442 prohibitione
801 3389 851 3425 non
867 3376 1087 3441 comprehenditur
1103 3393 1178 3430 eoam

202 3463 251 3516 quo
269 3449 373 3499 clericus
393 3449 552 3498 manducaret
570 3445 607 3495 vel
627 3445 720 3495 biberet
734 3445 758 3494 10
775 3446 849 3496 0000
860 3447 943 3510 patris.
962 3454 1003 3496 aul
1021 3449 1122 3510 matria,
1137 3456 1179 3500 aul

203 3519 369 3586 proximorum
388 3520 429 3584 qui
450 3521 576 3583 ramentum
590 3515 665 3566 uicem
687 3522 813 3584 tenerent;
827 3531 954 3566 necessus
971 3517 996 3566 10
1009 3533 1059 3585 qino
1072 3520 1178 3570 clericus

203 3590 375 3642 invitareturd
395 3589 495 3639 domino
509 3587 634 3645 taberna.
651 3583 729 3646 00101.
746 3593 810 3648 etc,
826 3587 901 3638 modb
921 3603 1003 3638 mensa
1024 3589 1048 3637 in
1065 3591 1179 3655 01ρο00

204 3660 292 3710 domin
305 3676 354 3714 non
368 3665 493 3726 pararetur
506 3655 530 3706 in
541 3656 590 3721 qut
601 3656 760 3707 diversitores
773 3657 932 3722 recipiuntur.
945 3657 1013 3722 (Vide
1024 3659 1092 3720 (lut,
1106 3675 1131 3724 p.
1143 3663 1177 3724 5.)
