2522 3996
201 221 240 284 11
420 233 559 282 annuens
578 232 680 282 roaros
699 231 782 282 runa
802 229 950 280 canonici.

201 354 272 400 nem
294 336 430 418 corporis
457 341 509 399 aut
534 334 627 398 animi
655 332 875 404 infirmitatem,
892 328 1066 412 parochiam
1088 346 1174 393 auam

202 444 305 508 regere
321 431 486 506 nequeunt.
506 427 549 488 lta
567 442 685 486 omnes.
701 457 741 469 -
754 422 829 484 Ciam
844 421 927 482 anim
941 417 1099 480 infirmitas
1114 437 1176 482 non

201 515 240 578 sit
251 517 396 578 motivum
411 513 564 577 sufficiens
586 510 744 575 amovendi
759 509 943 593 parochum,
958 513 989 571 el
1011 515 1112 570 tamen
1127 525 1179 590 pa·

202 601 312 664 rochiae
330 602 474 684 spirituali
494 601 666 684 indigentiae
688 601 727 663 sit
748 597 986 682 prouidendum,
1010 597 1179 678 Episcopus

25 665 28 670 Ι
75 759 78 764 ,
171 701 172 704 ’
202 708 265 753 non
285 691 377 754 debet
400 709 502 754 carere
526 697 670 772 potestate
692 689 860 751 necessaria
878 694 912 750 ut
932 683 1179 768 parochiadetri-

202 787 340 842 mentum
356 797 417 842 non
433 779 570 861 patiatur.
583 781 663 861 Ergo
672 785 745 840 tunc
755 776 965 856 Coadjutorem
978 773 1051 836 dare
1065 781 1177 855 potest,

202 869 291 937 ciam,
308 869 340 930 in
363 867 440 930 iacta
462 867 634 952 hypothesi,
659 866 726 928 sine
745 883 782 928 eo
802 863 943 947 parochia
963 863 1180 927 detrimentum

204 963 365 1036 pateretur.
374 956 449 1018 Vide
457 975 525 1040 cap.
534 956 566 1019 Ε
566 977 589 1018 c
595 963 736 1039 portc,et
742 973 809 1036 cap.
824 951 1006 1031 Poatorolis,
1019 951 1054 1015 de
1064 951 1089 1015 C
1090 950 1181 1014 leviro

203 1053 380 1126 amarante,
397 1045 477 1126 apud
493 1045 634 1118 Ferraria,
649 1055 681 1106 v⁰
697 1043 870 1124 Coadjator,
886 1044 920 1104 n⁰
935 1047 982 1104 11.

245 1138 278 1194 2⁰
298 1133 343 1196 Oh
356 1132 508 1196 delectum
523 1135 656 1196 scientiae
670 1134 843 1215 requisitae:
861 1153 876 1190 r
892 1131 983 1204 Ouia,
999 1130 1098 1212 inquit
1109 1129 1181 1194 Tai-

204 1239 220 1279 ι
245 1220 328 1284 dent.
347 1224 434 1300 (sess.
450 1226 500 1298 al,
524 1240 592 1304 cap.
614 1225 656 1300 6),
676 1221 804 1284 illiterati
824 1227 855 1284 et
877 1219 1005 1302 imperiti
1025 1219 1182 1301 parochia-

207 1329 222 1367 υ
248 1307 1180 1392 linmecclesiarumrectoressacrisminirsaptisuntofficiis...

206 1417 222 1454 a
249 1399 412 1481 Episcopi,
441 1401 531 1461 etiam
558 1406 703 1480 tanquam
729 1400 905 1480 Apostolioae
937 1396 1022 1460 Sedis
1048 1397 1183 1478 Delegali

207 1507 222 1544 a
246 1486 384 1568 (proinde
397 1489 489 1550 etiam
509 1505 581 1568 erga
600 1487 746 1569 parochos
769 1489 954 1570 exemptos),
970 1485 1082 1548 eisdem
1096 1485 1184 1549 illite-

206 1597 222 1634 a
246 1575 318 1638 ratis
332 1585 362 1640 et
375 1576 538 1659 imperitis,
552 1575 577 1640 si
591 1577 664 1640 alias
677 1576 810 1638 honestae
820 1577 887 1638 vitae
901 1575 976 1650 sint,
992 1573 1184 1654 coadiutorea

207 1685 222 1722 a
246 1672 298 1726 aut
310 1667 437 1730 vicarios
450 1684 505 1749 pro
519 1674 654 1746 tempore
667 1664 829 1747 deputare,
842 1669 1018 1747 partemque
1028 1661 1184 1727 fructuum

207 1776 221 1810 a
248 1751 360 1816 eisdem
382 1773 437 1837 pro
460 1755 618 1817 sufficienti
639 1754 719 1816 victu
737 1752 907 1833 assignare,
922 1752 968 1815 vel
981 1753 1066 1814 aliter
1081 1753 1184 1833 provi·

207 1865 221 1899 a
247 1841 318 1904 dero
342 1845 473 1924 possint,
501 1847 694 1924 qudcumque
720 1841 919 1922 appellatione
944 1848 975 1904 et
1001 1841 1186 1924 exemptione

210 1954 223 1989 n
251 1934 407 1993 ramoth.»

249 2021 283 2079 ln
300 2037 371 2082 casu
396 2025 497 2082 autem
524 2019 647 2101 parochi
669 2021 795 2102 turpiter
816 2019 955 2096 virentis,
975 2019 1072 2102 poenis
1092 2019 1186 2102 plecti

208 2106 296 2168 dcbet
310 2125 347 2170 ex
360 2107 467 2170 eodem
477 2108 611 2170 Concilio
624 2107 742 2188 (ibid.);
757 2116 804 2185 et,
818 2107 843 2170 si
855 2107 1059 2187 interdicatur,
1073 2127 1186 2192 cogen-

209 2194 266 2258 dus
279 2203 324 2258 est
338 2202 372 2258 ut
385 2195 529 2258 idoneum
542 2196 599 2258 sihi
612 2201 773 2260 constituat
787 2197 954 2276 vicarium;
968 2199 1049 2280 qudd
1063 2198 1089 2261 si
1109 2200 1186 2263 nolit

208 2284 298 2345 talem
312 2285 456 2366 deligere,
473 2284 610 2368 deputari
625 2285 715 2349 dehet
731 2285 770 2348 ab
788 2287 949 2369 Episcopo.
963 2287 1092 2350 -Vide
1105 2287 1185 2352 inira

210 2371 338 2434 dicanda
347 2377 458 2454 (1518).

252 2464 341 2525 1338.
357 2497 398 2509 -
411 2467 444 2526 3ο
457 2465 566 2545 Magna
578 2464 682 2546 populi
706 2464 867 2529 mullitudo
884 2483 946 2528 non
959 2472 1004 2529 est
1017 2483 1107 2528 cauea
1128 2485 1186 2530 cur

210 2550 341 2633 parocho
354 2549 472 2614 dandus
485 2553 523 2613 sit
536 2553 703 2633 coadjutor,
718 2554 772 2617 sed
786 2554 883 2616 solirm
898 2573 954 2618 cur
974 2555 1123 2638 parochus
1135 2574 1186 2619 co·

210 2647 296 2721 gratur
321 2639 358 2702 ad
371 2639 427 2703 sibi
447 2641 676 2722 adjungendum
694 2649 739 2705 tot
756 2643 925 2706 sacerdotes
943 2651 1018 2726 quot
1038 2646 1186 2724 sufficiant

209 2727 249 2790 cd
282 2738 464 2792 sacramento
490 2730 654 2792 cohibendo
680 2739 710 2794 rt
736 2732 849 2794 cultam
876 2731 1009 2795 divinam
1034 2733 1185 2797 celedran-

209 2815 277 2878 d'rm
302 2819 481 2894 (Concilium
504 2819 735 2898 Tridentium,
761 2837 833 2882 sess.
864 2824 973 2904 hl,·c.
995 2823 1037 2902 l).
1054 2821 1187 2886 -vide

210 2905 410 2982 Leurenium,
425 2907 505 2990 apud
520 2907 616 2970 Bouix
629 2907 725 2987 (itta,
742 2927 773 2991 p.
788 2913 869 2988 128).

252 2996 340 3058 1339.
364 2995 486 3068 Ouaerit.
506 3000 537 3060 8⁰
552 2998 653 3070 Qualis
667 2997 823 3077 coadiulor
843 2997 974 3080 parocho
987 3000 1027 3062 sit
1041 2998 1186 3062 dandus?

249 3083 340 3164 Resp.
361 3084 561 3164 aCoadjutor,
577 3087 674 3166 inquit
688 3087 820 3148 Ferraria
834 3089 875 3162 (u⁰
890 3087 1062 3169 Coudjator,
1080 3097 1113 3150 n⁰
1124 3093 1183 3166 lli),

211 3189 227 3222 »
248 3167 338 3233 dehet
352 3171 460 3236 hahere
474 3190 582 3235 omnes
595 3177 753 3255 qualitates
762 3174 800 3236 de
809 3177 877 3255 jure
888 3179 1045 3256 requisitas
1057 3176 1094 3238 ad
1110 3175 1184 3239 iliud

213 3283 228 3315 »
249 3259 380 3322 cilicium
397 3280 527 3344 proquo
541 3261 640 3324 datur.
657 3263 705 3326 Sic
731 3269 871 3347 expresse
892 3267 995 3328 statuit
1013 3267 1183 3328 Concilium

211 3367 226 3400 r
250 3349 459 3412 Tridentinum
471 3361 559 3427 (sese.
574 3355 613 3413 25
626 3398 634 3428 ,
645 3370 673 3414 c.
690 3357 729 3431 7).
746 3375 761 3412 a

249 3436 330 3499 Noto
344 3439 426 3518 quod
443 3439 620 3523 Episcopus,
644 3459 681 3502 ex
703 3442 811 3504 eodem
839 3444 972 3506 Concilio
993 3444 1103 3522 (itia),
1128 3462 1183 3508 ne·

211 3533 302 3605 queat
313 3525 385 3586 dare
400 3525 531 3606 parocho
544 3528 748 3607 coadjutorem
768 3549 839 3594 cum
855 3533 956 3596 littura
969 3551 1181 3597 successione:

213 3613 284 3675 tales
298 3614 504 3693 mutilatores,
515 3616 601 3694 juxta
613 3619 645 3680 S.
661 3619 838 3700 synodum,
852 3620 917 3683 dari
930 3631 1057 3698 possunt
1067 3625 1182 3687 solum-
