2528 3996
410 287 496 337 5555
517 289 636 338 rnruus.
954 278 1012 341 555

32 407 51 446 n
78 387 149 446 suni
162 383 286 466 insuper
299 383 471 466 dispensare
487 402 557 446 eum
576 385 757 466 coniugibus
771 385 869 468 quoad
886 387 1012 468 impedi·

32 497 52 535 5
80 481 215 535 mentum
235 474 273 534 ad
298 473 461 554 petendum
483 472 638 552 debitum,
665 482 786 556 propter
813 475 1011 552 incestum...;

35 587 54 624 n
82 563 155 640 (sed)
168 563 373 624 Cont'cssarius
386 561 476 624 debet
499 561 528 622 in
552 562 609 624 bne
623 563 759 645 obtinere
781 562 931 626 licentiam
945 582 1013 646 spe·

35 676 54 716 u
80 652 204 729 cialem,
219 651 324 713 saltem
339 654 355 712 a
370 651 524 731 superiore
539 651 670 712 interiori
682 653 727 714 sui
742 654 951 714 monasterii...

80 763 96 800 5
121 741 248 804 Possunt
271 747 415 821 praeterea
435 738 607 802 confessarii
624 741 828 804 blendicantes
842 741 1015 824 dispensare

35 854 54 892 5
81 847 151 893 cum
165 829 345 909 conjugibus
366 828 397 890 in
415 837 483 889 voto
504 829 683 890 eastitatis...
700 829 737 891 ad
752 831 916 912 potandum
930 831 1015 893 debi-

35 943 55 980 r·
82 926 198 995 tum...,
213 925 247 980 ut
260 917 462 980 communiter
475 918 561 979 aiunt
575 918 707 980 Sanchez
719 967 726 994 ,
740 927 796 981 ete.
814 943 829 978 5

82 1007 254 1090 Disputatur
275 1025 313 1068 an
332 1008 424 1069 instar
444 1005 662 1088 Episcoporum
686 1010 801 1089 possint
820 1009 850 1070 in
874 1027 945 1071 casu
964 1029 1016 1071 ne·

38 1097 186 1161 ceasitutis
199 1096 372 1177 dispensare
387 1097 417 1157 in
431 1104 499 1157 voto
512 1096 654 1157 castitatis
664 1097 701 1158 ad
711 1098 937 1160 matrimonium
947 1117 1017 1160 con·

37 1185 237 1249 trnlrrndum:
248 1186 442 1248 communitis
458 1192 594 1264 negatur.
609 1185 682 1246 Vide
693 1188 723 1247 S.
741 1188 862 1266 liguor.
880 1188 934 1265 (lle
948 1187 1018 1248 Pri·

40 1274 179 1355 er'lrpiis.
206 1273 245 1334 nr.
269 1277 434 1353 toa-109);
462 1273 592 1334 Ferraris
620 1274 659 1351 (50
685 1275 824 1336 Debitum
843 1275 1015 1358 conjupule,

39 1375 98 1428 art.
116 1369 148 1431 ⁸2,
166 1377 199 1425 n⁰
217 1368 274 1440 li).

84 1458 172 1515 2553.
196 1451 317 1526 eruuit.
342 1456 374 1516 6·
402 1454 547 1526 Quianam
575 1453 635 1516 sint
658 1451 842 1533 regularium
866 1455 1019 1534 privilegia

37 1543 143 1624 quood
160 1543 257 1605 missar
271 1542 526 1604 crlelrrationem'l

89 1635 175 1712 ttrsp.
195 1655 210 1689 5
225 1634 266 1692 Ex
288 1630 439 1713 privilegio
460 1632 595 1714 Gregorii
617 1634 698 1709 Xlll,
723 1637 849 1712 possunt
868 1631 1021 1711 regulares

40 1748 56 1782 5
87 1721 236 1782 celebrare
250 1725 310 1782 una
329 1721 400 1782 bont
417 1727 485 1782 ante
500 1740 692 1796 aurorarn...;
709 1722 770 1782 imb
785 1723 856 1781 cum
871 1719 952 1781 adest
966 1719 1020 1780 ali-

40 1838 56 1870 »
87 1829 146 1888 qua
164 1811 238 1884 iusta
252 1828 379 1882 causa...
396 1809 567 1872 immediate
583 1819 648 1892 post
671 1810 746 1870 duas
765 1809 854 1870 boras
875 1816 943 1889 post
956 1826 1021 1870 me·

41 1925 57 1960 5
85 1901 165 1959 «turn
193 1905 321 1967 nortem,
346 1916 382 1959 ex
407 1900 561 1979 priuilegio
587 1899 744 1960 Alexandri
770 1899 809 1958 Vl
831 1903 861 1958 et
883 1895 1021 1959 Clemen-

44 2014 57 2046 ι
88 1998 123 2048 tu
136 1991 207 2048 t'ttt.
228 1990 260 2047 tit
275 1987 444 2066 hujusmodi
462 1987 730 2069 privilegiadicunt
743 1988 864 2067 Lugo...
877 2004 947 2048 oum
958 1985 1023 2050 aliis

44 2101 58 2134 a
90 2093 149 2137 555
164 2095 229 2139 esse
244 2085 377 2138 revocata
387 2095 440 2157 per
450 2081 464 2136 Ἰ
475 2077 581 2138 rident.
595 2096 667 2138 sess.
678 2081 715 2137 22
725 2076 759 2138 ule
769 2075 924 2151 evitandis,
936 2083 1021 2140 etc...

44 2191 59 2225 ι
89 2169 211 2226 bionum
223 2177 359 2226 tumen...
374 2165 401 2224 id
417 2167 513 2228 ualere
528 2169 645 2228 tantitm
660 2184 714 2247 pro
728 2165 861 2227 ecclesiis
876 2166 1022 2247 propriiS,

45 2281 60 2314 r
89 2255 119 2315 iu
139 2255 297 2334 quibus...
315 2263 440 2335 possunt
460 2255 632 2334 hujusmodi
656 2255 808 2336 privilegio
822 2255 865 2316 uti
880 2255 1021 2318 etium...

46 2370 62 2404 a
90 2345 282 2405 saeculares...
301 2344 438 2424 iusuper,
455 2344 608 2424 Eugenius
623 2345 659 2404 ll'
674 2344 821 2406 concessit
837 2342 1024 2422 regularibus

46 2459 60 2493 u
91 2431 242 2494 licentiam
263 2431 433 2492 celebrandi
453 2433 548 2492 tribus
568 2432 649 2492 boris
668 2437 734 2512 post
753 2431 929 2504 meridiem,
945 2433 1024 2508 justa

47 2545 62 2582 5
91 2531 190 2582 tamen
205 2539 240 2582 ex
255 2524 356 2582 eausa.
371 2541 386 2577 5
405 2520 532 2592 Quidam
548 2519 652 2580 dicunt
667 2521 723 2580 boe
739 2518 924 2600 privilegium
935 2519 1026 2580 fuisse

47 2617 219 2673 revocatum
243 2611 259 2670 ir
287 2614 319 2670 S.
346 2609 397 2669 Pio
423 2611 468 2685 V;
494 2609 546 2670 sed
566 2608 622 2670 lroe
646 2608 683 2668 ab
709 2607 775 2668 aliis
794 2613 931 2686 negatur.
953 2607 1026 2668 lide

49 2705 82 2763 S.
102 2701 235 2779 liguum,
252 2698 294 2760 De
309 2697 497 2779 Putabam,
516 2709 547 2758 n⁰
564 2701 631 2758 122.

91 2787 383 2851 autumationum
400 2786 451 2848 luit
466 2791 483 2848 a
501 2787 611 2848 llcned.
628 2786 712 2862 lllll,
724 2781 1006 2866 BullbInSaprcmo
1014 2829 1025 2861 ,

55 2903 70 2939 r
94 2897 132 2946 ne
147 2879 176 2937 in
193 2875 313 2957 privatis
327 2875 511 2956 regularium
527 2875 626 2953 cellis,
643 2893 696 2936 seu
714 2873 882 2949 cubiculis,
898 2875 1029 2956 erigatur

50 2993 66 3028 n
94 2963 1025 3046 attare,renrotrtquacumqueincontrariumconsuetudine.n

52 3060 102 3118 Gr·
115 3053 216 3130 potius
231 3055 295 3114 lllll
310 3054 458 3114 corrccssit
477 3062 579 3116 tamen
594 3051 829 3114 Prouincialibus
846 3054 1029 3116 lesuitarum

52 3143 225 3207 facultatem
244 3142 406 3222 deputandi
425 3142 544 3223 publica
565 3141 693 3204 oratoria
716 3142 747 3201 in
769 3141 831 3203 suis
851 3143 984 3204 ecclesiis
999 3145 1030 3204 in

52 3251 117 3316 qun
132 3253 167 3294 us
187 3247 295 3293 omnes
318 3230 432 3311 possint
455 3232 618 3294 celebrare.
639 3233 670 3294 S.
694 3230 816 3312 Lignor.
833 3231 888 3309 (lle
908 3232 1027 3301 t’n'rril„

54 3333 90 3388 n⁰
107 3323 190 3397 tat).

100 3413 146 3471 55
165 3415 267 3472 autem
290 3410 444 3492 regulares
465 3409 582 3491 possint
604 3409 706 3491 plures
727 3408 837 3472 habere
858 3426 1031 3490 campanas,

56 3500 125 3564 ride
138 3516 189 3580 ap.
205 3500 241 3561 ll.
260 3500 374 3576 Bouix,
389 3499 433 3560 De
448 3498 569 3578 nepae,
584 3507 658 3561 tom.
674 3503 715 3575 2,
730 3517 762 3579 p.
778 3501 847 3560 628.

98 3591 190 3650 2945.
214 3588 335 3660 Ouaerit.
353 3593 386 3650 7⁰
401 3586 587 3659 Quibusnam
606 3587 769 3669 privilegiis
782 3585 932 3667 gaudeant
944 3605 1034 3669 regu-

57 3675 139 3741 lares
150 3675 251 3758 quoad
264 3675 401 3768 divinum
411 3675 565 3739 odicium?
