2522 3996
176 253 213 314 11
396 257 533 315 xxxuxxri
552 270 653 316 mnus
672 271 753 316 sunrs
774 270 921 316 cxxoxrcr.

176 378 273 453 potest
284 369 453 452 parochus:
468 369 637 450 «legitime
646 367 807 452 deputatus
817 369 855 432 ad
868 368 1098 432 ministrandum
1109 387 1146 433 ex

176 483 189 518 n
214 459 397 541 obligatione
407 465 435 520 et
448 461 569 541 proprio
579 458 713 536 nomine,
724 459 849 520 verbum
859 459 912 519 Dei
923 466 953 520 et
962 467 1146 524 sacramenta

174 571 189 607 ι
214 557 297 610 certo
317 547 558 610 dioecesanorum
581 565 728 614 numero.
750 547 801 628 qui
828 545 994 609 abeodem
1017 548 1147 611 vicissim

174 660 190 697 ι
214 655 298 700 sacra
317 637 450 718 recipere
477 637 666 718 aliquatenus
685 643 855 698 teneantur.
879 657 894 694 n
919 635 1005 700 Unde
1023 654 1060 698 eo
1082 635 1147 718 ipso

174 726 257 809 qudd
270 721 339 808 quis
353 725 517 788 instituitur
534 725 692 806 parochus.
709 723 1048 803 habetjurisdiclionem
1066 725 1147 786 ordi·

175 816 291 877 nariam
307 815 338 877 in
356 813 424 876 luo
442 814 566 879 interno
584 821 613 876 et
631 820 729 895 potest
741 812 893 876 absolvere
906 813 930 874 si
946 813 984 875 sit
996 813 1143 880 sacerdos.

174 905 219 966 lta
231 921 339 966 omnes
352 901 449 979 (ibid,
465 922 495 984 p.
512 905 593 980 228).

215 997 303 1056 13119.
327 993 391 1054 Vox
414 999 514 1054 autem
526 991 675 1074 porcello
687 991 799 1075 duplici
814 1011 905 1055 sensu
918 989 1063 1074 accipitur
1078 1011 1086 1052 ι
1102 993 1145 1056 vel

170 1099 231 1164 ipro
244 1079 431 1163 designanda
444 1085 527 1144 sacra
541 1081 616 1150 mdc.
634 1087 664 1143 ct
676 1081 720 1144 sic
733 1088 779 1143 est
791 1080 908 1143 ecclesio
922 1081 970 1142 cui
986 1080 1146 1164 adscriptae

175 1178 218 1232 eet
232 1179 328 1232 certio
339 1169 462 1252 populus
478 1169 496 1232 d
511 1179 622 1233 rectore
635 1169 761 1250 ejusdem
774 1169 902 1233 ecclesie
917 1175 1055 1251 tunquam
1062 1189 1147 1252 puro

60 1303 62 1306 -
175 1257 228 1320 cdo
243 1257 405 1334 curandum
429 1258 475 1320 vel
490 1277 545 1340 pro
563 1258 761 1343 significanda
775 1258 1027 1340 parochianorum
1040 1260 1147 1323 collec-

176 1345 275 1424 tione,
292 1353 322 1409 et
341 1347 372 1408 in
392 1345 450 1409 hoc
467 1365 578 1418 sensu,
596 1355 638 1408 est
651 1355 731 1408 certa
744 1347 872 1408 dioecesis
890 1345 1049 1436 incolarum
1059 1367 1147 1429 pora,

175 1435 269 1496 olieui
283 1436 420 1517 tonqudm
427 1435 555 1516 porcello
567 1434 694 1517 suffecto
705 1435 812 1513 (Boutx
822 1481 830 1510 ‚
841 1434 970 1517 throp.
984 1439 1062 1515 181).
1073 1437 1146 1500 Dicit

176 1526 246 1586 vead
256 1525 388 1586 Ferrarls
403 1525 447 1606 (νο
464 1523 618 1600 rurestria,
631 1541 664 1584 n⁰
676 1527 705 1602 3)
717 1543 756 1585 :a
772 1523 916 1585 Puroclx‘u
927 1523 1027 1587 stricte
1037 1531 1067 1586 et
1079 1545 1146 1608 pro·

175 1635 191 1670 u
216 1613 280 1693 prid
294 1621 414 1693 sumpta
432 1617 478 1675 est
499 1620 598 1674 certus
619 1613 759 1674 territorii
775 1612 943 1684 districtus,
965 1631 1020 1696 per
1036 1616 1146 1696 Pupam

175 1723 191 1759 ι
215 1701 260 1763 rel
288 1703 472 1782 Episcopum
492 1700 725 1776 determinatus,
747 1699 861 1764 habens
877 1720 974 1764 unum
1001 1710 1146 1765 rectorem

176 1788 352 1851 „stabilem
380 1807 450 1851 cum
475 1797 619 1870 potestate
648 1789 795 1871 populum
827 1785 939 1852 ibidem
971 1792 1146 1854 existentem

177 1902 191 1936 n
215 1877 338 1958 regendi
364 1885 394 1940 et
410 1878 580 1956 Judicandi‚
596 1877 685 1958 cique
703 1887 889 1941 sacramenta
910 1879 1028 1962 aliaque
1049 1880 1146 1946 divina

177 1989 191 2022 n
215 1965 455 2028 administrandi.
475 1987 490 2026 n
512 1969 552 2029 llt
572 1975 673 2028 autem
696 1965 760 2030 lraec
781 1965 916 2030 delinitio
934 1968 972 2030 sit
999 1968 1144 2049 legitima,

177 2054 300 2136 intelligi
314 2053 403 2116 debet
411 2063 540 2136 potestas
552 2053 674 2136 rependi
686 2063 715 2118 et
723 2055 883 2137 judicandi
891 2055 927 2118 de
941 2055 1007 2136 foro
1021 2057 1146 2121 interno.

179 2142 252 2204 llrde
266 2142 407 2205 eumdem
422 2146 463 2221 (xo
477 2143 641 2214 Porcellus,
659 2151 715 2206 art.
739 2148 766 2215 1.
785 2153 818 2207 n⁰
831 2146 893 2226 30),
916 2153 947 2207 et
961 2145 1147 2227 inquantum

177 2229 266 2292 dicit:
281 2231 387 2292 labens
409 2241 549 2295 rectorem
568 2233 718 2307 stabilem,
734 2231 791 2296 hoe
804 2232 938 2316 procedit
957 2251 995 2297 ex
1012 2253 1049 2298 eo
1066 2237 1147 2318 quod

176 2319 319 2382 deliniat:
334 2321 509 2382 Parocllr'om
521 2321 626 2384 stricte
638 2329 793 2403 sumptum.

217 2413 306 2472 l3l0.
331 2411 425 2472 «luri
440 2411 587 2473 canonico
602 2429 662 2472 non
677 2417 825 2492 repugnat
836 2417 870 2473 ut
882 2411 1079 2476 constituatur
1093 2415 1147 2477 ali·

176 2519 192 2557 r
216 2515 277 2579 qua
292 2497 433 2581 parochia
446 2517 500 2581 per
507 2507 657 2562 certarum
667 2499 812 2562 duntaxat
825 2499 1003 2564 familiarum
1018 2505 1147 2582 assigna·

176 2609 192 2646 n
215 2587 369 2652 tionem...
396 2597 428 2651 ct
453 2595 598 2670 unquam
620 2588 830 2650 canonicamd
850 2589 880 2652 S.
904 2591 1013 2673 Gongr.
1033 2592 1145 2657 concil.
1257 2609 1258 2634 t

177 2697 192 2734 i
216 2674 317 2738 haberi
333 2693 400 2738 eam
415 2674 560 2753 formam,
582 2684 662 2758 patet
679 2695 714 2738 ex
733 2677 822 2739 variis
835 2679 933 2740 causis
951 2683 982 2739 in
995 2681 1146 2744 Thesauro

177 2787 192 2823 n
216 2765 433 2828 resolutionum
448 2765 556 2827 relatis.
574 2787 589 2824 n
607 2765 737 2842 (linum,
754 2765 840 2842 idid,
857 2785 887 2847 p.
910 2765 997 2848 269.)
1011 2769 1069 2830 Sed
1085 2770 1147 2833 illas

179 2854 323 2933 paroecias
350 2871 413 2916 non
436 2853 528 2916 luisse
546 2853 692 2916 admissas
709 2854 740 2916 in
765 2854 860 2916 Gallia
872 2854 945 2918 dicit
970 2857 1095 2920 Durand
1109 2859 1146 2922 de
1256 2871 1257 2920 3

178 2941 335 3018 ldaillane,
350 2961 399 3023 ap.
416 2943 557 3022 Lequeux
568 2988 576 3018 ‚
589 2943 659 3014 370,
675 2943 706 3004 in
717 2946 798 3004 nota.

217 3035 306 3094 1311.
328 3033 406 3094 Cura
419 3031 589 3093 nnirnarum
602 3050 610 3093 :
623 3032 670 3093 vel
684 3039 729 3093 est
741 3030 879 3112 superior
891 3037 922 3095 et
931 3031 1036 3115 plene,
1051 3037 1148 3116 qualis

177 3119 320 3200 competit
341 3121 373 3182 S.
395 3119 531 3181 Pontillci
560 3127 590 3181 et
611 3119 782 3202 Episcopis.
804 3122 895 3183 etsie
914 3123 1004 3184 etiam
1023 3124 1149 3188 includit
1255 3125 1256 3168 ³

178 3215 352 3289 potestatem
372 3206 404 3268 in
419 3207 484 3269 toro
497 3213 636 3284 externo;
654 3209 700 3269 vel
715 3216 759 3270 est
774 3207 895 3271 interior
912 3218 941 3272 et
956 3211 1103 3293 partialis,
1118 3223 1148 3278 et

177 3299 220 3360 sic
237 3315 299 3358 non
320 3297 491 3358 extenditur
513 3296 550 3357 ad
565 3315 601 3358 ca
614 3315 683 3378 quae
697 3305 768 3360 sunt
781 3298 836 3360 lori
848 3299 980 3368 externi,
995 3297 1047 3362 sed
1061 3301 1098 3363 ad
1112 3322 1147 3368 ea

176 3403 244 3466 quae
258 3383 313 3446 lori
328 3385 437 3447 interni
460 3392 531 3447 sunt
549 3387 755 3466 restringitur3
778 3388 832 3448 ista
849 3387 993 3450 duntaxat
1012 3392 1148 3470 parochis

67 3533 70 3542 ,
94 3499 95 3502 “
176 3473 329 3552 competit.
345 3475 559 3537 Verumtamen
569 3475 736 3556 quandodc
745 3475 994 3540 curuanimcrum
1006 3477 1038 3538 tn
1047 3497 1148 3542 serino

177 3559 290 3642 absque
303 3562 419 3638 addito,
434 3567 637 3628 communiter
652 3566 685 3626 in
697 3577 756 3628 troc
771 3565 928 3647 posteriori
941 3584 1033 3630 sensu
1048 3571 1149 3650 polida
1253 3627 1254 3652 p

33 3649 35 3654 ’
177 3647 320 3731 recipitur
333 3654 425 3731 quam
440 3653 471 3715 in
487 3654 590 3735 priori.
