2550 3992
422 245 506 294 uteru
522 241 681 300 trouhout.

478 400 560 468 ARV.
582 401 628 466 Vt.

429 547 472 595 art
496 547 674 595 rnrnrure.

107 689 197 749 3318.
224 685 365 748 «Patrini
388 691 460 749 aunt
476 685 561 768 quasi
582 691 680 766 patres
693 683 861 767 spirituales
876 686 929 769 qui
951 687 1032 772 bapti

72 801 84 828 u
107 782 205 838 zaturn
220 774 258 838 de
273 774 355 837 tonte
369 775 538 858 suscipiunt
554 774 584 836 in
600 792 686 837 suam
700 792 825 838 curam:
843 775 925 840 unde
938 795 1044 840 eorum

69 887 82 924 a
107 864 241 926 officium
255 871 300 926 est
317 863 497 946 baptizatum
510 863 549 926 de
563 862 653 926 rebus
667 862 736 926 hdei
751 864 918 948 instrucre,
933 868 1045 930 Oratio-

69 977 82 1011 1
109 972 179 1014 narn
198 954 389 1016 Dorninioanr
411 960 441 1015 et
460 952 638 1034 Symbolum
658 951 786 1016 docere:
806 953 844 1016 ad
868 955 950 1037 quod
969 955 1046 1018 ohti-

69 1065 82 1100 n
109 1049 219 1124 gantur
245 1042 332 1105 siah
359 1042 424 1105 aliis
449 1060 511 1104 non
538 1040 638 1104 hat.»
666 1043 710 1103 lta
730 1041 951 1123 Busernbaum‚
966 1045 1046 1126 apud

69 1134 99 1192 S.
124 1132 245 1212 Lignor.
267 1131 330 1212 (tib.
352 1135 392 1211 6,
416 1142 449 1193 n·
473 1129 557 1212 116).
574 1128 650 1192 Vide
663 1131 695 1194 S.
710 1130 832 1212 Thom„
847 1152 879 1216 p.
894 1135 932 1213 3,
947 1153 979 1216 q.
994 1139 1045 1213 67,

70 1227 127 1282 art.
145 1225 176 1283 8.

109 1313 200 1374 3319.
219 1313 241 1372 A
254 1309 427 1392 primordiis
441 1310 514 1394 ipsis
527 1309 669 1373 Ecclesiae
677 1309 709 1372 in
717 1329 775 1374 usu
785 1310 905 1376 fuerunt
914 1313 1025 1376 Patrini
1037 1359 1045 1390 ,

69 1408 99 1462 ct
119 1399 186 1462 ideo
200 1399 338 1462 videntur
361 1399 453 1462 tuisse
471 1399 593 1462 adhibiti
608 1400 681 1481 quia
695 1417 817 1462 neeesse
835 1409 899 1464 erat
918 1408 992 1466 tunc
1014 1409 1048 1464 ut

70 1492 139 1571 quis
155 1489 240 1554 heret
253 1489 337 1571 quasi
357 1490 456 1551 cautio
469 1488 598 1550 veritatis
616 1489 822 1552 conversionis
840 1489 1002 1572 neophyti,
1018 1497 1048 1554 et

70 1589 103 1642 ut
119 1578 242 1660 insuper
257 1579 437 1660 baptizatum
448 1575 591 1640 docerent
604 1595 704 1640 rnores
714 1584 745 1640 et
757 1577 946 1662 disciplinam
954 1579 1048 1642 chris·

74 1669 199 1730 tianarn.
219 1667 291 1730 Vide
308 1666 428 1744 entre,
443 1676 474 1728 v⁰
491 1667 633 1728 Purruin.

112 1761 203 1820 3320.
227 1759 270 1820 De
294 1759 414 1818 Patrino
428 1756 471 1819 sic
485 1755 574 1818 habet
588 1757 680 1822 Cone.
698 1756 779 1821 Trid.
797 1757 880 1840 (sesa.
896 1761 952 1836 at,
963 1778 990 1823 c.
1007 1763 1044 1838 2,

70 1849 106 1909 ute
116 1846 175 1928 res.
186 1848 294 1924 Matr.)
306 1865 313 1907 :
330 1868 345 1904 n
357 1848 442 1910 Unus
456 1848 585 1924 tantum,
600 1847 661 1910 sive
675 1848 714 1910 sit
725 1847 839 1910 virsive
852 1848 889 1910 sit
901 1849 1046 1927 rnutier..‚

70 1959 86 1996 u
113 1937 160 1999 rel
181 1935 219 1999 ad
239 1953 393 1998 summum
408 1953 487 1998 unus
504 1941 535 1997 et
556 1953 617 1998 una
630 1936 810 2018 baptizatum
832 1936 871 1999 de
895 1937 1047 2019 Baptismc

71 2048 87 2086 r
114 2026 297 2108 suscipiant:
314 2025 392 2087 inter
405 2042 482 2107 quos
499 2024 729 2107 rebaptizatum
747 2026 846 2108 ipsum
859 2033 890 2089 et
902 2027 981 2089 iltius
995 2046 1047 2108 pa·

70 2138 85 2175 r
112 2123 191 2178 trem
210 2121 240 2178 et
259 2121 407 2192 matrem,
423 2131 543 2176 necnon
564 2113 642 2177 inter
657 2113 854 2198 baptizantem
873 2122 903 2178 et
920 2116 1047 2198 baptiza-

70 2227 86 2266 »
114 2211 180 2269 turn
199 2204 397 2286 baptizatiquc
418 2211 533 2285 patrer:
546 2205 664 2267 tantum
679 2211 709 2267 et
722 2211 868 2282 rnatrern,
888 2204 1048 2288 spiritualis

69 2317 86 2356 a
112 2294 253 2376 cognatio
266 2292 469 2356 contrahatur.
481 2292 632 2355 Paroohus
642 2301 804 2376 antequam
814 2293 851 2357 ad
862 2294 1047 2376 Baptismurn

70 2407 85 2444 ι
114 2381 334 2447 conferendum
348 2382 488 2460 accedat,
503 2381 662 2463 diligenter
680 2383 718 2445 ab
737 2384 773 2446 iis
796 2383 832 2445 ad
847 2403 923 2464 quos
937 2395 1049 2466 specta·

70 2497 87 2534 a
113 2473 178 2550 bit,
194 2473 360 2535 sciscitetur
373 2489 464 2552 quem
477 2471 523 2532 vet
539 2489 616 2552 quos
633 2472 798 2552 elegerint,
813 2477 848 2534 ut
870 2473 1048 2552 baptizatum

73 2588 88 2624 n
117 2562 156 2624 da
170 2581 255 2625 sacro
270 2563 351 2624 sonte
361 2561 540 2642 suscipiant,
551 2567 658 2623 etcum
665 2559 710 2622 vel
722 2578 774 2621 eos
783 2561 900 2621 tantum
911 2560 949 2621 ad
964 2562 1042 2622 ittun

71 2677 86 2714 u
115 2651 341 2734 suscipiendum
354 2649 579 2725 admittat‚etin
595 2649 671 2712 libro
685 2667 790 2712 eorurn
805 2649 928 2711 nomina
941 2647 1036 2710 deseri

69 2765 87 2804 r
116 2742 167 2804 bat
180 2787 187 2816 ,
202 2740 368 2822 doceatque
383 2756 435 2800 ecs
457 2755 549 2821 quarn
573 2739 786 2820 cognationem
801 2738 1012 2800 contraxerint.
1030 2762 1043 2798 ι

116 2833 205 2894 aaut.
229 2830 368 2890 Peccaret
390 2827 516 2908 graviter
536 2827 684 2909 parochus
705 2828 857 2910 baptizans
875 2825 1045 2892 solemniter

71 2922 140 2985 sine
156 2919 290 3001 patrino,
306 2919 377 2980 cirrn
391 2916 455 2978 haec
468 2917 507 2977 sit
519 2916 557 2978 de
568 2917 725 2998 praecipuis
738 2916 926 2979 eaeremoniis
940 2917 982 2998 (S.
998 2919 1048 2980 Li-

72 3027 177 3092 guur.,
194 3008 245 3070 tib.
258 3011 293 3084 6,
310 3017 345 3068 n⁰
360 3010 484 3083 1516.-
495 3007 528 3066 ln
544 3005 808 3087 Baptismoautenr
820 3006 944 3086 privato,
961 3011 1049 3090 patri-

73 3119 134 3160 uus
163 3117 224 3159 non
247 3101 293 3158 est
313 3093 481 3156 necessario
500 3093 709 3172 adhibendus,
734 3095 804 3161 licet
823 3096 932 3158 nretihs
954 3099 992 3157 sit
1015 3102 1047 3158 ut

75 3186 254 3251 adhiheatur
269 3185 369 3263 (thid,
386 3188 456 3270 117)
479 3207 486 3250 :
510 3194 541 3249 et
557 3194 641 3265 tunc,
665 3184 812 3268 quidquid
837 3183 915 3246 dicat
929 3185 960 3245 S.
976 3183 1035 3260 Lig.

75 3275 120 3337 ih.
137 3279 204 3342 119,
223 3275 409 3336 contrahitur
423 3275 562 3356 cognatio
575 3276 671 3355 spirit.
692 3274 775 3355 juxta
791 3274 857 3335 dec.
874 3273 905 3332 S.
926 3271 958 3332 C.
974 3269 1040 3330 C.5

75 3373 167 3427 murt.
185 3369 272 3433 1678.
296 3384 345 3445 ap.
362 3366 455 3427 Anat.
473 3373 504 3425 n⁰
526 3369 575 3431 72.
593 3366 651 3428 ccl.
679 3365 766 3426 1731.
784 3363 834 3423 Est
857 3356 1044 3420 necessarius

73 3455 168 3516 etiarn
182 3454 211 3515 in
228 3455 380 3534 Buptisrno
394 3455 578 3516 aduttorunr.
591 3454 665 3516 Vide
680 3453 802 3516 nitran
815 3451 989 3511 Romanum.

117 3545 206 3606 3333.
224 3545 262 3607 Ut
271 3544 368 3606 ratide
380 3546 449 3626 quis
458 3543 639 3625 sitpatrinus
650 3545 751 3624 piures
761 3542 955 3622 requiruntur
966 3555 1043 3599 con·

75 3631 229 3698 ditiones:
246 3637 278 3696 1ο
292 3651 364 3698 usus
384 3633 520 3708 rationis.
534 3633 587 3701 uui
601 3631 687 3700 iuxta
708 3647 904 3696 communem
919 3633 1042 3690 santen-
