2522 3996
462 289 548 334 tinea
568 290 690 335 carnus.
1011 272 1049 334 l3

102 394 1049 478 operillldemauthenticamstattlsliberi.»Excipiendisnnt

101 496 205 548 tumen
226 487 447 548 contrahentes
473 487 529 564 qui
552 487 764 546 discesserunt
779 489 816 546 cb
831 491 923 546 celate
938 487 968 544 in
987 488 1050 561 qne

101 587 193 637 erant
208 577 378 654 incapaces
391 575 616 638 contrahendi.
638 573 668 636 S.
687 575 710 633 L
724 574 829 652 gnon,
843 576 898 634 lib.
916 575 946 647 li,
959 572 1047 633 tn8tt.

102 666 272 726 Pietatem
288 665 529 726 instructionem
553 664 690 742 reperies
709 664 866 740 integram
889 681 941 740 ap.
967 662 1050 721 Ann-

101 755 180 814 lectc
190 755 259 836 jur.
276 754 407 836 pontis,
424 753 503 815 avril
519 754 608 826 tent,
620 751 680 813 col.
696 754 754 812 832
772 763 804 811 et
816 754 889 812 849.
910 752 1052 812 Sulliciat

101 846 154 906 bte
174 845 294 904 referre
316 845 509 906 solutionem
531 842 732 916 sequentium
753 841 925 903 dubiorum
940 858 979 902 ex
998 840 1051 900 ittt
1085 858 1091 872 ¹

101 939 318 995 extractorum
332 930 435 1010 (itin,
452 933 517 994 eol.
539 928 630 1010 etet:

130 1017 220 1078 1383.
248 1036 263 1071 c
284 1011 411 1074 Ordines
439 1013 546 1076 ultimo
568 1019 635 1077 loco
660 1015 699 1077 ab
719 1015 800 1079 Urbe
823 1017 952 1079 emuncti
981 1017 1060 1080 circe

99 1135 108 1158 ι
130 1101 324 1166 matrimonia
344 1119 416 1163 cum
436 1101 545 1164 exteris
559 1103 777 1180 contrahenda,
792 1105 870 1168 inter
889 1106 946 1168 alia
959 1105 1060 1187 dispo·

98 1221 106 1250 ›
129 1197 210 1255 nunt
236 1189 319 1272 quod
342 1189 490 1252 Ordinarii
517 1193 692 1273 praecipiant
717 1194 858 1256 omnibus
883 1199 914 1256 et
936 1194 1062 1276 singulis

99 1307 104 1329 ·
129 1278 287 1364 parochis,
303 1279 334 1341 iu
349 1297 455 1342 eorum
469 1280 647 1344 dioecesibns
660 1283 868 1358 existentibus,
883 1291 917 1345 nt
930 1301 985 1364 pro
997 1301 1060 1345 rne-

96 1395 106 1430 ›
130 1369 282 1431 turnoniis
303 1385 373 1430 cum
386 1369 495 1432 exteris
508 1369 736 1442 contrahendis,
756 1391 818 1434 uon
832 1369 942 1434 sacient
962 1372 1060 1453 publi«

96 1485 106 1518 ›
129 1461 266 1522 cationes
285 1457 318 1518 in
337 1475 444 1519 eorum
464 1457 616 1532 ecclesiis,
637 1459 695 1521 nisi
708 1461 865 1522 certiorato
883 1461 1061 1522 tlrdinano.

96 1572 106 1608 l
130 1549 147 1610 b
169 1564 250 1629 quo,
265 1545 312 1608 rel
326 1547 392 1625 ejus
410 1547 547 1608 Generali
561 1547 679 1609 vicario
697 1551 780 1628 prius
797 1555 956 1611 teneantur
970 1549 1060 1610 fidem

96 1663 106 1695 ι
129 1635 334 1699 authenticam
348 1641 500 1714 reportare
514 1639 545 1712 ¹,
561 1635 642 1716 quod
657 1654 711 1716 pro
725 1637 774 1696 tali
790 1638 981 1698 matrimonio
995 1637 1061 1700 lue-

95 1751 105 1785 t
130 1729 194 1786 rint
213 1723 374 1786 examinati
395 1730 494 1796 testes,
511 1723 543 1784 in
562 1742 668 1787 eornm
683 1723 845 1803 tribunali,
868 1727 920 1806 qui
936 1725 1062 1806 probant

94 1839 106 1875 l
131 1821 241 1876 statum
257 1812 382 1874 liberum
397 1811 572 1874 contrahere
587 1813 760 1874 volentium.

129 1925 145 1961 o
171 1907 202 1964 l⁰
223 1902 373 1975 Quaeritur
395 1919 433 1962 an
455 1899 496 1962 illi
516 1919 553 1962 ex
573 1901 752 1962 dioecesibus
772 1900 1009 1978 circumvicinis,
1032 1914 1061 1966 et

94 2019 106 2050 ,ι
134 1990 191 2072 ipsi
205 1997 362 2052 teneantur
375 1990 449 2050 tales
463 1989 651 2070 probationes
667 1989 784 2065 lacere;
800 2008 839 2051 an
852 1993 922 2052 verb
937 1991 1061 2056 sufficiet

94 2108 107 2139 a
132 2079 208 2142 tides
219 2079 482 2142 denuntiationum
492 2079 522 2139 in
533 2097 637 2141 eornm
648 2077 827 2142 dioecesibus
836 2078 978 2142 factarum
990 2099 1061 2144 cum

93 2194 106 2229 ο
133 2168 283 2250 legalitate
306 2167 474 2243 ordinarii,
501 2174 530 2230 et
553 2166 688 2248 probatio
707 2185 813 2231 eornm
836 2172 929 2232 stutbs
953 2170 1061 2251 (liberi)

94 2285 106 2320 a
132 2265 201 2342 post
213 2257 380 2320 discessum
395 2256 432 2317 ab
446 2257 510 2338 ipsa
523 2256 668 2320 dioecesi?

131 2371 147 2407 n
173 2349 262 2429 ltesp.
280 2344 456 2425 Huiusmodi
466 2345 613 2408 habentur
626 2346 795 2427 proexteris
808 2351 1060 2430 etoonsequenter

93 2461 106 2496 o
130 2443 273 2498 tenentur
287 2435 477 2517 probationes
491 2433 598 2496 lacere.

132 2547 147 2584 a
172 2530 204 2587 2⁰
226 2527 300 2586 Item
321 2543 360 2586 an
373 2523 548 2585 contrahere
567 2523 699 2585 volentes
720 2524 753 2586 in
771 2523 942 2588 confinibus
955 2544 1061 2589 eornm
1178 2562 1183 2570 ·

91 2639 107 2674 o
131 2612 455 2689 dioecesisbabitantes,
465 2611 540 2674 etob
548 2611 727 2673 vicinitatem
738 2613 775 2674 ab
785 2632 889 2676 eorum
898 2615 1060 2679 rectoribus

92 2727 107 2762 o
134 2702 267 2784 cogniti,
282 2709 441 2763 teneantur
464 2700 584 2762 easdem
605 2700 701 2764 lacere
717 2703 922 2782 probationes3
938 2721 977 2764 an
990 2705 1060 2766 verb

92 2815 108 2850 o
134 2792 282 2855 sufficient
294 2790 511 2872 publicationes
521 2791 559 2851 ab
573 2791 645 2870 ipsis
660 2791 824 2852 rectoribus
837 2791 1001 2854 faciendae?

132 2903 149 2940 n
174 2884 263 2961 llesp.
280 2881 377 2940 Etiam
392 2877 438 2940 isti
453 2885 592 2940 tenentur
605 2877 703 2940 lacere
717 2877 916 2960 probationes

133 2987 149 3028 n
174 2972 207 3031 3⁰
230 2975 275 3029 nn
296 2966 416 3028 easdem
437 2973 594 3028 teneantur
617 2965 713 3030 lacere
736 2969 924 3050 probationes
947 2972 986 3050 ii,
1007 2975 1059 3057 qui

92 3081 108 3118 o
133 3063 204 3121 ante
224 3063 341 3119 aetatem
355 3056 488 3119 nubilem
511 3058 527 3117 b
548 3056 668 3136 propria
684 3056 803 3119 dioecesi
818 3059 1002 3124 discedentes
1022 3063 1059 3124 ad

93 3170 109 3206 o
133 3147 225 3210 eliani
239 3163 270 3208 se
284 3145 476 3206 contulerunt
489 3192 497 3218 ‚
508 3151 536 3204 et
547 3145 576 3204 in
591 3147 626 3205 ed
636 3147 824 3225 postmodum
834 3148 1059 3212 habitaverunt?

134 3259 151 3296 o
177 3239 265 3316 ltesp.
283 3235 347 3295 Non
362 3239 512 3305 tenentur,
522 3235 593 3313 qnia
603 3233 880 3299 nonlneruntextra
894 3237 1056 3317 dioecesim,

92 3351 109 3390 ι
134 3331 271 3405 tempore
285 3321 374 3382 babili
389 3321 426 3383 nd
440 3321 687 3384 contrabendum.

134 3437 150 3474 o
174 3418 207 3474 ll⁰
233 3415 278 3474 An
293 3410 452 3472 incivitate
471 3411 502 3471 in
521 3414 579 3492 qut
593 3411 701 3472 milites
715 3411 875 3492 Hispani...
892 3419 920 3476 et
933 3414 1057 3480 aliorum

93 3499 369 3584 »longinquarum
398 3499 556 3580 regionum
579 3498 708 3561 residere
732 3500 845 3570 solent,
881 3501 962 3563 idem
987 3523 1057 3565 cum

125 3631 211 3753 'lade
227 3630 357 3682 formulam
368 3629 443 3694 hujus
455 3626 628 3688 illectationis,
641 3627 706 3692 apud
719 3628 746 3679 n.
761 3627 846 3688 llouix,
859 3629 893 3678 ne
904 3628 992 3688 tutte,
1003 3632 1021 3674 t.
1033 3625 1057 3684 Ι,

101 3717 116 3768 p
186 3734 192 3750 .
