2550 3992
408 203 493 253 anan
514 204 670 256 secernas.
968 192 1027 255 otc

53 307 158 452 lanema
179 302 294 386 populo
316 305 401 368 omni
421 305 577 370 sacerdote
601 305 753 371 destituto.
784 307 828 387 (S.
857 305 1026 390 Ligucrius,

67 390 401 548 lbtitqtidzldzzciarnenta
414 491 489 550 tunc
503 485 672 548 necessario
690 483 907 565 ministranda,
922 484 1029 551 saltem

53 575 126 632 sunt
140 569 311 652 Baptismus
324 579 355 636 et
372 573 564 652 Poenitentia,
578 579 610 637 ct
621 573 785 656 aliquando
802 573 893 638 etiarn
907 574 984 654 ulia,
1002 575 1028 638 si

54 675 166 740 nempe
180 660 323 741 praedictu
340 663 433 745 recipi
448 669 610 746 nequeant.
627 662 699 726 Vide
712 661 790 726 dicta
804 681 895 746 supra
907 665 1027 747 (1169);

54 747 87 810 S.
103 748 226 829 Lignor.
242 749 305 828 (lib.
319 754 351 829 6,
363 763 397 814 n⁰
410 755 498 830 233);
511 753 654 834 Lequeux
667 756 829 832 (uns-ont).

94 839 183 900 3200.
197 839 244 899 An
255 845 357 902 autern
369 840 570 904 confessarius
579 859 641 904 non
652 840 801 923 parochus
810 847 1029 908 teneaturcum

54 925 191 1008 periculo
211 927 280 990 vitae
299 928 453 993 absolvere
469 928 687 992 moribundum
709 930 742 992 in
762 929 881 994 mortali
898 932 1030 996 existen·

54 1014 268 1079 tent-certo
283 1017 509 1090 affirmandum,
523 1019 626 1081 sitatis
639 1017 780 1082 infirmus
793 1017 911 1099 ignoret
922 1021 1029 1083 contri·

56 1102 170 1166 tionem
189 1105 352 1187 perfectam
379 1126 446 1170 esse
463 1107 521 1170 sibi
539 1106 1029 1184 neeessariam‚ve1nesciateam

58 1191 183 1256 elicere:
198 1194 270 1275 quia
282 1203 356 1259 tunc
369 1204 414 1259 est
427 1196 459 1259 in
479 1199 615 1260 extrema
628 1196 824 1273 necessitate3
840 1197 865 1258 si
883 1196 950 1260 haec
968 1216 1030 1260 non

54 1279 184 1362 ignoret,
198 1289 229 1345 ct
247 1285 321 1348 sciet
338 1285 446 1349 elicere
463 1285 695 1364 contritionem,
714 1285 841 1367 quaestio
858 1291 1030 1350 controver-

55 1370 137 1434 titur.
152 1369 228 1434 vide
242 1374 271 1436 S.
284 1373 420 1456 Liguor„
439 1373 492 1436 lib.
508 1378 539 1452 6,
556 1393 590 1436 n·
604 1377 674 1436 sat.

107 1462 197 1524 3201.
213 1462 253 1526 Ut
266 1470 402 1544 tempore
417 1464 509 1546 pestis
523 1462 692 1545 periculum
708 1462 874 1542 minuetur,
888 1465 920 1530 in
934 1466 1031 1531 sdmt·

56 1547 233 1614 nistrationa
269 1551 413 1633 Baptismi
447 1552 545 1614 omitti
577 1558 704 1633 possunt
737 1554 926 1618 caeremoniae
961 1574 1032 1636 erga

56 1643 141 1718 peste
162 1637 288 1702 infectos
313 1647 365 1703 aut
391 1647 547 1724 suspectos
572 1640 611 1702 da
635 1645 729 1722 peste.
756 1640 876 1704 Absofvi
904 1649 1031 1726 possunt

55 1725 163 1804 iidem,
178 1726 233 1792 etsi
247 1746 307 1792 non
326 1730 476 1812 integram
490 1727 712 1794 confessionem
725 1730 944 1811 compleverint
956 1750 964 1792 ι
975 1731 1034 1794 hoc
1077 1805 1080 1814 ι

54 1819 159 1878 tamen
171 1818 188 1879 d
202 1817 384 1900 quibusdam
405 1825 543 1901 negatur,
560 1817 641 1900 apud
656 1816 770 1881 Bened.
787 1819 924 1900 11111(οε
939 1819 1031 1903 Syn..

54 1903 109 1965 lib.
130 1908 180 1982 13,
195 1923 223 1968 c.
240 1909 290 1983 19,
306 1918 339 1968 n·
354 1911 414 1988 19).

96 1995 203 2066 Quoad
222 1996 451 2074 Eucharistiam
472 1997 498 2059 si
521 1995 694 2060 conferatur
706 1996 874 2079 pestiferis,
894 1997 1033 2061 nonnulii

54 2083 163 2146 nolunt
174 2083 247 2146 nihii
260 2103 326 2148 esse
340 2085 519 2148 mutandum
534 2086 566 2148 in
581 2085 673 2148 modo
686 2093 832 2150 consueto
842 2086 924 2150 ittam
938 2087 1033 2150 admi-

55 2172 221 2235 nistrandi:
233 2174 367 2238 mitiores
376 2183 477 2239 autem
487 2181 559 2240 sunt
566 2175 635 2254 alii,
647 2175 746 2257 inquit
754 2175 836 2238 idem
846 2175 958 2239 Bened.
968 2177 1034 2238 xlv

55 2260 157 2338 (ibid,
174 2271 207 2323 n⁰
221 2265 283 2341 22),
297 2271 327 2326 ct
340 2271 446 2345 putant
459 2283 511 2326 eos
524 2283 613 2346 posse
626 2281 679 2326 ore
693 2264 748 2326 sibi
758 2283 879 2328 sumere
893 2263 1033 2342 hostiurn,

54 2350 103 2414 vel
127 2351 160 2413 in
179 2354 306 2432 patent,
321 2353 368 2415 vel
391 2353 423 2416 in
445 2352 547 2433 aliquo
567 2371 636 2415 vase
656 2351 772 2415 mundo
789 2353 949 2416 traditam:
964 2359 1034 2416 sunt

54 2440 151 2503 etiam
164 2440 217 2521 qui
231 2439 337 2503 dicunt
350 2441 433 2504 iliam
447 2457 535 2524 posse
548 2441 712 2502 ministrari
726 2441 771 2503 ref
788 2442 819 2502 in
833 2440 951 2513 charta,
968 2447 1036 2522 post

56 2529 264 2611 sumptionem
290 2531 391 2594 statim
417 2529 480 2612 igni
506 2529 668 2604 tradenda,
693 2529 740 2590 vel
767 2527 799 2590 in
830 2528 911 2590 breui
935 2546 1036 2610 panno

55 2617 150 2680 linco.
170 2619 215 2681 Do
229 2617 265 2682 iis
278 2619 376 2682 modis
393 2619 522 2682 liberum
540 2625 586 2681 cst
605 2616 762 2699 Episcopis
780 2616 954 2679 decernere.
970 2619 1037 2678 Non

57 2705 206 2790 probetur
228 2713 331 2770 autem
345 2707 427 2790 quod
447 2707 583 2770 tradatur
596 2706 713 2769 inclusa
726 2705 758 2767 in
772 2722 851 2788 pane
864 2703 1035 2778 communi,

58 2797 107 2859 vet
123 2797 201 2859 inter
214 2796 292 2860 duas
309 2797 422 2860 hostias
444 2815 506 2861 non
520 2803 726 2872 consecratas,
741 2795 788 2857 vei
805 2800 935 2876 ponatur
947 2811 1038 2877 super

56 2885 139 2948 labia
156 2885 261 2967 aegroti
275 2887 375 2950 medio
393 2885 515 2969 forcipis
528 2885 611 2949 aurei
627 2884 673 2948 vel
692 2885 829 2967 argenti,
849 2892 900 2947 aut
918 2884 1038 2947 laminas

67 2973 222 3056 oblongo,
245 2976 291 3038 vet
313 2995 386 3039 curn
409 2975 584 3052 chirotecis3
605 2973 653 3036 uel
675 2971 757 3054 qudd
775 2970 908 3035 tradatur
928 2973 964 3035 iis
986 2974 1038 3056 qui

65 3061 170 3126 adhuc
183 3065 249 3126 sani
264 3071 352 3143 sunt,
367 3071 402 3128 ut
413 3069 517 3147 postea
534 3068 618 3146 peste
635 3061 738 3126 infecti
759 3060 817 3124 sibi
829 3059 1040 3126 administrent

62 3151 168 3230 (ibid,
183 3160 218 3215 n⁰
231 3157 282 3228 st,
297 3157 370 3234 etc.)

100 3241 303 3305 constitutum
317 3250 383 3320 est,
394 3241 494 3324 quoad
505 3241 892 3318 Extremam-Unctioncm,
908 3246 942 3303 ut
949 3239 1038 3302 unica

61 3329 114 3395 fiat
128 3331 232 3394 unctio
246 3334 277 3394 in
292 3349 329 3395 eo
343 3351 435 3396 sensu
448 3333 500 3415 qui
516 3331 613 3413 magis
621 3337 721 3414 patet:
737 3349 829 3413 quarn
838 3327 1039 3392 communiter

61 3423 125 3485 DD.
140 3419 247 3484 dicunt
260 3423 362 3506 peragi
374 3439 461 3504 posse
475 3421 558 3502 virga
571 3421 703 3503 oblongd
717 3419 817 3500 (itit,
828 3417 916 3480 n'·29
930 3423 960 3478 ct
972 3416 1038 3495 30);

60 3528 126 3576 non
152 3511 271 3575 videtur
296 3517 399 3575 tamen
423 3509 505 3594 qudd
528 3509 578 3574 tati
608 3509 810 3573 instrumento
839 3503 1041 3571 administrari

61 3597 158 3682 possit
177 3599 389 3680 Confirmatio,
410 3600 492 3682 quia,
505 3599 591 3678 juxta
606 3599 740 3681 multos,
758 3597 864 3662 unctio
878 3595 985 3659 fromn
998 3597 1041 3658 est
