2522 4028
190 223 248 286 982
408 234 544 282 litabat!
563 231 665 280 ronus
684 231 766 278 sunts
787 229 933 276 casamo.

190 333 367 399 dicebatur:
386 330 447 394 «Si
465 331 534 412 quis
555 347 591 392 ex
604 328 723 392 clericis
735 345 856 393 comam
874 325 1071 406 relaxaverit,
1089 345 1165 392 ana·
1240 339 1241 362 ¹

190 446 206 484 a
228 423 330 486 thema
341 421 419 483 sits

229 507 897 590 Controvertiturulrumsubgravitonsuram
907 512 1023 588 gestare
1033 513 1167 570 tenean-

191 610 240 664 tur
253 598 352 664 clerici
365 645 373 672 ,
388 599 479 660 etiam
497 597 529 658 in
549 597 640 658 sacris
662 596 814 658 constituti
834 615 841 655 :
858 597 960 676 plures
982 595 1061 659 banc
1087 596 1168 657 obli-

191 690 342 770 gationem
365 687 531 750 assimilare
553 685 691 748 videntur
708 685 882 766 obligationi
904 691 1017 746 vestem
1037 686 1170 748 talarem

191 775 365 840 deserendi:
381 773 573 856 probabiliter
587 781 700 850 tamen,
714 774 799 852 juxta
811 775 842 835 S.
861 773 1035 854 Lignorium
1050 773 1119 850 (lib.
1138 777 1169 844 6,

193 875 225 928 n⁰
248 865 340 945 826),
365 862 482 925 sacilibs
509 861 673 923 mortaliter
705 870 878 942 peccaretur
906 879 967 922 non
998 861 1170 926 deferendo

192 954 346 1028 habitum,
370 953 463 1032 quam
485 968 628 1012 eoronam
647 969 710 1011 non
735 949 889 1030 gestando.
910 950 982 1021 Quis
999 951 1103 1024 eninr,
1130 951 1170 1014 ait

192 1039 459 1116 Croix,demortali
469 1045 575 1120 arguet
584 1039 768 1101 sacerdotem
780 1039 804 1100 si
819 1057 872 1120 per
886 1057 937 1100 sex
946 1044 995 1100 aut
1010 1046 1081 1101 octo
1093 1039 1171 1100 heb-

192 1128 336 1192 domadas
363 1145 507 1191 coronam
535 1146 597 1190 non
624 1127 748 1204 delerat,
776 1127 891 1190 etiamsi
920 1127 1037 1189 nullum
1065 1127 1109 1190 de
1135 1129 1170 1190 ea

80 1266 83 1272 .
192 1219 350 1299 uestigium
359 1216 525 1299 appareat?
535 1215 650 1278 -Vide
665 1218 755 1278 etiam
769 1218 924 1297 Lequeux,
936 1225 970 1276 n⁰
983 1219 1053 1291 570;
1062 1225 1170 1279 etauc-

83 1311 86 1316 '
193 1315 289 1368 torem
303 1306 529 1372 Proelectioaum
544 1305 579 1366 S.
596 1305 744 1386 sulpitii,
767 1305 818 1386 qui
833 1311 936 1368 brnen
949 1303 1023 1368 dicit
1035 1307 1084 1383 (ιιο
1100 1309 1172 1382 309)

194 1414 259 1458 csse
271 1396 485 1476 obligationem
499 1394 555 1456 sub
569 1395 648 1475 gravi
661 1401 816 1455 tonsuram
830 1392 995 1455 deferendi.

234 1488 323 1547 alls.
347 1483 452 1557 Quoad
473 1502 592 1545 cuniam
617 1482 804 1558 deserentes,
823 1481 913 1544 hodie
933 1489 1054 1563 propter
1076 1501 1172 1545 usum

194 1573 393 1636 universalem
415 1571 520 1652 (modd
540 1590 628 1633 coma
641 1572 679 1631 sit
693 1570 875 1648 moderata),
889 1589 951 1632 non
964 1570 1084 1633 videtur
1104 1589 1171 1632 arn-

195 1661 273 1742 pliirs
286 1663 386 1744 vigere
400 1679 490 1744 poena
503 1660 828 1722 excommunicationis.
844 1661 887 1737 (S.
906 1659 1042 1741 Liguor,
1058 1659 1115 1722 lib.
1133 1665 1171 1736 6,

196 1756 229 1810 n⁰
244 1755 327 1830 826.)

234 1844 323 1902 2116.
346 1839 429 1901 Circa
444 1855 565 1902 coronae
574 1836 822 1920 amplitudinem,
836 1835 903 1900 baec
917 1836 1007 1899 habet
1017 1838 1170 1900 Benedic-

194 1935 242 1989 tus
253 1928 491 2005 letlnstitutio
502 1932 552 2002 96,
564 1940 597 1990 n⁰
606 1929 654 2007 la)
666 1947 673 1988 ε
687 1928 825 1988 «Corona
834 1925 947 2002 alerici,
964 1927 1015 2008 qui
1027 1927 1169 1988 nondum

194 2039 210 2076 u
234 2015 400 2078 sacerdotio
415 2016 547 2079 initiatus
560 2017 631 2093 fuit,
652 2017 750 2078 Sacrae
764 2015 921 2078 Particulae
935 2017 1106 2095 comparari
1121 2015 1171 2076 de-

195 2126 210 2162 u
234 2102 295 2164 bet.
312 2105 430 2166 Corona
443 2105 604 2169 sacerdotis
617 2105 725 2166 divinae
740 2104 850 2165 Hostiae
860 2103 964 2164 similis
977 2102 1155 2166 decernitur
1160 2125 1168 2180 ς

195 2214 210 2250 υ
235 2191 357 2253 tandem
378 2211 490 2256 corona
503 2194 643 2276 Episcopi
666 2201 695 2256 et
715 2193 880 2255 Gardinalis
900 2190 1035 2271 ejusdem
1055 2193 1170 2256 Hostiae

196 2301 211 2337 u
237 2280 467 2361 amplitudinem
477 2284 620 2364 tantisper
633 2281 721 2344 debat
736 2281 891 2344 excedere.
915 2303 930 2340 u

235 2368 313 2440 Ouid
327 2370 366 2431 sit
377 2369 540 2434 dicendum
554 2371 592 2434 de
607 2389 663 2433 usu
677 2371 822 2452 pileolum
835 2370 881 2432 vel
900 2387 1019 2434 comam
1034 2368 1168 2433 fictitiam

196 2455 367 2538 deferendi,
381 2458 519 2523 dicemus
531 2459 609 2522 inira
623 2461 825 2537 (36863693).

639 2623 656 2700 ξ
674 2625 711 2682 n.

477 2756 711 2838 Deoblr'pott'one
723 2757 887 2822 rutilatae.

238 2901 329 2963 alla.
350 2900 450 2964 AEtate
470 2900 523 2962 SS.
547 2899 707 2981 Epiphanii
731 2903 761 2962 et
782 2899 980 2982 Hieronymi,
996 2901 1167 2986 inutraque

199 2988 330 3051 Ecclesia
348 2987 490 3050 Orientali
512 2995 540 3050 et
559 2988 755 3062 occidentali,
772 2989 889 3070 vigebat
906 2993 937 3051 el
958 2989 1165 3069 verisimilius,

199 3078 289 3139 etiam
304 3075 512 3158 ltprimordiis,
528 3079 622 3158 viguit
635 3078 683 3140 lex
696 3077 850 3140 eaelibatds
863 3077 1065 3152 ecelesiastici,
1075 3080 1166 3162 ipsos·
1240 3093 1241 3120 ¹

200 3173 263 3228 met
274 3165 475 3227 subdiaconos
488 3165 634 3246 obligans.

240 3255 289 3316 Sic
299 3253 382 3314 enim
392 3253 481 3315 babet
491 3255 522 3315 S.
534 3254 731 3336 Epiphanius,
742 3257 878 3319 udvmsba
891 3257 1012 3320 dereses
1027 3257 1165 3334 (Horae,

202 3348 240 3406 59
253 3391 261 3421 ,
277 3345 345 3421 lV):
365 3341 450 3413 «Qui
465 3341 564 3404 adbuc
582 3344 613 3404 in
636 3345 828 3408 matrimonio
845 3345 943 3428 degit,
959 3365 994 3408 ac
1008 3345 1110 3409 liberis
1122 3347 1167 3408 dat

202 3453 217 3489 u
242 3449 376 3512 operam,
388 3431 505 3492 tametsi
519 3431 610 3494 unius
623 3433 660 3495 sit
671 3436 773 3496 uxoria
786 3440 848 3504 vir,
862 3452 1055 3516 nequaquam
1071 3441 1166 3498 tamen

203 3543 217 3578 u
242 3519 280 3580 ad
295 3519 439 3596 Diaconi,
455 3519 641 3602 Presbyteri,
656 3524 796 3605 Episcopi
812 3529 863 3585 aut
876 3522 1083 3604 Hypodr'uconi
1096 3523 1168 3586 crdi-

203 3629 218 3663 ι
246 3624 317 3668 nem
330 3606 459 3668 admittit
469 3607 639 3688 (Ecclesia),
654 3611 707 3673 aed
720 3629 793 3675 curn
805 3611 949 3676 duntaxat
961 3612 1013 3680 uui
1030 3611 1070 3672 ab
1084 3613 1167 3675 unias
