2522 4028
1 3383 10 3471 l

184 179 242 247 tot
403 199 540 246 unuosnr
561 195 662 245 renus
681 197 762 243 rums
783 195 929 242 cunomcr.

183 297 297 366 alieno.
314 293 397 358 mero
411 294 533 358 fortuito
548 297 639 357 homo
653 296 761 375 aliquis
779 293 941 354 occidutur.
957 292 999 352 lte
1013 301 1157 352 commu·

183 387 306 448 nissimo
322 387 396 456 uu„
412 393 441 446 ct
455 385 605 468 colligitur
619 403 655 446 ex
666 384 812 445 Clement.
829 382 930 452 unico,
945 379 979 442 de
989 377 1156 446 homicidio,

183 475 235 538 ubi
250 475 316 537 ideo
326 493 470 536 exercens
483 475 683 556 opuslicitum
693 477 851 535 excusatur
864 491 870 531 :
882 470 953 552 quia
967 467 1161 530 homicidium

185 583 246 627 non
271 570 317 627 est
338 563 563 640 volunmrium3
585 563 666 626 undo
693 581 812 643 semper
836 579 871 622 ac
894 558 1090 622 homicidium
1114 562 1162 616 est

184 654 309 716 omnino
331 653 583 729 involuntarium,
599 672 660 715 non
676 652 769 713 oritur
784 649 1006 730 irregularitas,
1021 645 1162 728 quumvis

184 743 227 805 rei
243 743 350 804 illicitae
364 749 496 803 vocetur.
513 777 550 787 —-
563 743 605 816 (S.
621 741 756 822 Liguor„
772 739 827 814 ile,
845 743 877 800 n⁰
891 738 977 816 386.)

227 835 314 894 1830.
338 833 459 903 Quaerit.
477 834 508 892 3⁰
524 837 570 891 An
586 829 758 911 irregularis
772 827 824 890 fiat
837 828 889 909 qui
904 827 1031 888 alterum
1043 823 1163 886 mutilet

186 927 237 982 aut
250 919 375 987 occidit.
392 919 429 980 ed
445 920 643 982 necessariam
665 923 711 980 sui
729 917 774 979 vel
788 917 909 979 alterius
925 914 1094 978 innocentis
1107 913 1163 974 de-

188 1009 357 1072 tonsionem
370 1027 441 1070 cum
456 1007 663 1070 moderamine
677 1007 835 1088 inculpatae
849 1005 975 1068 tutelae‘l

229 1100 317 1180 ltesp.
344 1099 503 1178 Negetive;
526 1103 556 1159 et
577 1097 650 1160 illud
676 1105 707 1159 ut
726 1103 840 1158 certum
865 1095 991 1158 habetur
1013 1113 1068 1176 pro
1088 1113 1164 1156 casu

188 1207 250 1251 suae
264 1187 448 1250 defensionis
464 1207 472 1247 :
488 1205 524 1248 ex
539 1205 605 1266 cap.
622 1185 811 1269 Sipnificosti
827 1189 881 1258 18,
897 1185 915 1265 ἓ
930 1184 982 1246 lin.
997 1232 1005 1257 ‚
1019 1184 1054 1246 de
1067 1183 1165 1244 lomi·

189 1277 277 1345 odio,-
294 1285 323 1338 et
334 1295 369 1338 cx
385 1276 493 1350 Clem,
509 1277 547 1337 Si
556 1275 696 1355 furiosus,
708 1275 815 1337 eodem
826 1275 869 1336 tit.
879 1277 916 1335 Et
925 1273 1166 1356 prodeiensione

191 1365 358 1428 innocentis
369 1364 560 1428 verisimilius
573 1363 732 1427 deducitur
741 1383 778 1426 ex
788 1383 855 1446 cap.
867 1364 922 1426 Ec
935 1362 1098 1440 litteris&
1109 1365 1165 1425 iro-

190 1455 320 1518 miciddo,

232 1547 293 1608 Nec
312 1544 409 1608 obstet
428 1545 541 1608 Concil.
563 1543 645 1606 Trid.
667 1546 756 1623 (sess.
781 1548 834 1621 ll,
853 1563 880 1606 c.
901 1544 955 1625 Ἰ),
980 1543 1030 1606 ubi
1054 1543 1166 1606 dicitur

192 1635 230 1698 do
243 1653 279 1698 eo
301 1635 353 1716 qui
374 1634 532 1697 occidisset
554 1656 570 1693 r
590 1653 673 1708 coru,
691 1633 736 1695 uel
754 1633 814 1696 vim
832 1631 862 1696 vi
880 1633 1061 1716 repellendo.
1080 1642 1114 1694 ut
1136 1654 1169 1696 se

194 1747 207 1784 u
232 1725 361 1786 dmortc
380 1721 565 1805 defenderet,
580 1722 657 1805 qudd
671 1722 743 1803 jure
760 1721 965 1804 quodammodo
987 1723 1170 1806 dispensatio

194 1838 208 1873 n
234 1814 406 1882 debeatne-n
424 1831 493 1874 nam
508 1812 709 1874 communiter
720 1813 894 1894 intelligitur
904 1813 952 1876 hio
965 1819 1063 1875 textus
1076 1812 1114 1874 dc
1128 1832 1170 1876 eo

195 1903 245 1984 qui
263 1902 455 1964 moderamen
471 1900 502 1962 in
517 1904 563 1962 sul
577 1899 750 1963 defensione
765 1919 826 1962 non
842 1909 995 1964 servasset.

240 1996 325 2054 teet.
349 1992 413 2051 uto
435 1996 537 2052 temon
561 1990 766 2062 occurrentiu,
791 1990 989 2052 homicidium
1011 1999 1169 2075 reputatur

196 2079 328 2154 rosicole,
344 2086 372 2140 et
388 2077 455 2139 ideo
469 2079 646 2161 Episcopus,
662 2079 686 2140 si
701 2078 817 2140 crimen
831 2078 868 2140 sit
887 2081 1055 2158 occultum,
1071 2091 1172 2163 potest

197 2171 227 2231 in
244 2169 299 2230 hrtc
313 2167 529 2249 irregularitate
550 2165 734 2248 dispensare.
752 2203 789 2212 -
804 2167 897 2230 Valde
912 2178 1011 2232 autern
1026 2171 1171 2252 probolri-

198 2259 263 2320 liter
282 2264 406 2319 censent
424 2257 525 2337 plures
543 2254 622 2337 quod
642 2257 665 2316 si
685 2257 753 2337 quis
766 2256 893 2319 alterum
913 2267 1052 2338 provocet
1069 2261 1172 2323 verbis

199 2356 250 2410 aut
265 2347 355 2422 iacto,
375 2345 541 2428 praevidens
554 2363 586 2406 se
601 2345 740 2407 facillime
753 2345 1007 2426 aggrediendum,
1023 2347 1074 2410 liat
1095 2351 1171 2413 irre-

200 2437 311 2519 gularis
334 2437 358 2497 si
378 2433 582 2517 postmodum,
607 2433 646 2495 ob
660 2438 706 2496 sul
721 2429 947 2512 defensionem,
964 2455 1172 2518 aggressorem

200 2525 335 2602 oratoru
351 2526 422 2606 quia
436 2534 508 2587 tunc
522 2525 572 2585 dut
585 2541 708 2605 operam
723 2524 765 2586 rei
780 2524 888 2586 illiciter
906 2528 1042 2607 proxime
1056 2529 1175 2610 pericu-

201 2617 289 2691 losae3
306 2633 392 2678 secus
406 2616 476 2676 uero
490 2614 513 2675 si
531 2631 591 2675 non
607 2612 775 2694 provideat.
790 2613 874 2676 ldem
893 2623 938 2676 est
956 2615 1118 2679 dicendum
1132 2618 1174 2681 de

202 2724 238 2768 eo
258 2706 310 2787 qui
325 2703 440 2767 accedit
453 2702 490 2765 ud
504 2719 628 2764 uxorem
642 2702 779 2778 alterius,
800 2703 991 2784 praevidendo
1006 2707 1174 2787 periculum

203 2813 268 2858 esse
283 2813 321 2856 ne
335 2791 450 2856 occidat
459 2794 824 2872 meritumaggressorem.
842 2829 880 2839 -
889 2793 920 2856 S.
933 2795 1067 2876 Lignor,
1078 2795 1131 2858 lib.
1140 2801 1170 2869 7,

205 2896 239 2946 n·
252 2888 320 2947 388.

248 2978 334 3037 1832.
358 2971 479 3044 Ouaerit.
495 2975 528 3032 t·
542 2972 588 3032 dn
605 2969 777 3052 irregularis
791 2971 852 3048 fiat,
874 2971 1002 3036 alterum
1022 2993 1094 3037 cum
1107 2995 1175 3039 mo-

205 3063 360 3126 deramine
383 3059 540 3140 inculpate
561 3060 660 3121 tutelae
678 3059 837 3136 occidens,
860 3061 899 3123 ob
912 3062 1118 3127 detonsionem
1139 3065 1174 3128 li-

206 3151 345 3224 bcrtatis,
367 3148 508 3222 honoris,
528 3147 693 3230 pudicitiae',
713 3149 757 3210 rel
778 3149 927 3212 bonorum
943 3154 1175 3234 temporalium?

247 3245 336 3321 Resp.
363 3238 519 3318 Duplicem
541 3255 606 3298 esse
628 3239 714 3299 circs
733 3237 815 3301 hunc
837 3257 940 3302 casum
965 3244 1143 3305 sententiam
1166 3263 1173 3304 :

211 3331 312 3395 Prima
327 3327 473 3402 allirumt,
489 3333 518 3388 et
531 3325 674 3407 probatur
687 3346 723 3388 ex
737 3345 804 3408 cap.
820 3328 1021 3411 Suseepirnus.
1040 3329 1076 3392 dr
1088 3332 1178 3394 lomi·
1259 3321 1260 3386 l

210 3419 303 3482 ridie.
318 3418 368 3480 ubi
384 3415 549 3477 declaratur
560 3417 730 3496 irregularis
743 3417 865 3497 quidam
880 3419 1047 3482 monachus
1060 3423 1113 3502 qui
1123 3439 1178 3504 pro
1259 3425 1260 3464 l

212 3503 423 3572 conservandis
436 3505 523 3568 bonis
534 3504 611 3567 duos
624 3505 754 3566 latrones
766 3507 886 3570 occidit.

252 3595 384 3661 Secundo
403 3602 595 3660 communior
615 3607 645 3656 et
663 3601 846 3675 prouenitior
865 3602 969 3678 neget,
988 3604 1018 3662 et
1035 3598 1177 3677 probatur
