2534 3996
447 307 531 353 urnae
554 310 672 356 carnus.
981 287 1037 348 317

68 406 126 470 bus
139 405 252 487 quibus
265 411 300 468 ed
321 403 455 485 gaudent
467 407 610 480 Doctores
631 402 878 476 Universitaturn,
899 399 1010 463 scilicet
1023 409 1041 460 a

68 495 143 558 testo
157 497 178 557 S
205 493 328 556 'thomae
343 497 364 553 Α
370 493 476 574 postoli
490 491 527 554 ad
541 491 621 555 diem
635 497 704 574 post
716 489 931 574 Epiphaniam,
947 491 965 552 a
980 490 1039 552 Do·

69 585 180 646 minied
195 581 428 664 Septuagesimre
442 580 480 644 ad
494 598 624 662 primam
646 579 888 661 Quadragesimae
908 578 1043 641 Domini-

68 691 147 750 cam,
163 673 181 734 a
195 671 353 733 Dominica
371 670 543 732 Palmarum
558 669 596 732 sd
609 675 703 731 totam
718 667 857 731 Octavam
871 667 1040 746 Paschatis,

68 763 85 824 t
101 761 178 824 testo
199 761 230 821 S.
246 760 372 824 loannis
387 759 526 842 Baptistae
540 759 578 821 ad
591 757 672 820 diem
687 762 705 820 5
721 755 903 846 novembris.
920 756 964 818 lta
978 775 1041 818 res-

68 849 173 932 pondit
188 849 219 912 S.
236 849 344 930 Congr.
362 848 490 924 Concil,
511 850 542 910 in
556 847 663 924 Aesis,
679 851 717 909 bl
729 847 792 924 jan.
811 849 899 908 l629.

107 941 198 1000 sats.
210 941 283 1000 'lota
295 937 345 1000 dic
358 942 419 1019 qut
432 936 592 1000 lectionem
602 935 691 998 habet
703 934 891 1014 Theologalis
901 935 1042 998 eximitur

67 1027 107 1089 ab
126 1026 310 1108 obligatione
331 1025 488 1090 assistendi
514 1026 622 1096 choro,
645 1031 730 1086 etex
752 1023 948 1086 concessione
971 1024 1042 1086 Gre-

67 1134 133 1196 gor.
150 1117 228 1194 lllll‚
246 1115 337 1178 etiam
351 1115 575 1178 distributiones
594 1113 784 1195 quotidianas
797 1115 833 1174 et
845 1111 894 1174 die
908 1113 1042 1176 lucratur

67 1203 223 1282 (Gardell,
237 1214 271 1267 n⁰
285 1207 386 1284 arta).
403 1239 440 1251 -
459 1203 529 1266 aliis
538 1205 609 1266 verd
622 1201 729 1264 diebus
742 1202 832 1264 etiam
846 1200 973 1280 festiviS,
989 1219 1041 1284 po·

69 1300 125 1354 test
138 1293 262 1374 quidem
282 1312 314 1358 se
332 1296 350 1357 a
369 1292 462 1356 choro
480 1293 629 1356 abstinere
647 1295 739 1355 coust
753 1290 842 1354 studii
855 1337 862 1368 ‚
874 1291 939 1354 sine
953 1295 1040 1355 amis

68 1381 154 1444 sione
169 1381 320 1447 fructuum
340 1381 528 1464 praebendae;
553 1381 607 1444 sed
624 1389 697 1444 tuno
712 1398 773 1442 non
794 1380 926 1443 lucratur
938 1381 1039 1444 distri·

68 1470 208 1534 buliones
221 1471 421 1554 quotidianas.
440 1472 566 1550 (Bouix,
583 1471 637 1546 ib,
653 1490 683 1552 p.
702 1471 784 1550 lEO.)

107 1559 198 1622 ΞΜ.
221 1559 343 1634 Quaerit.
359 1566 391 1622 7⁰
406 1560 564 1634 Quomodo
577 1558 738 1642 procedere
760 1557 853 1640 possit
872 1561 1039 1644 Episcopus

65 1657 173 1712 contra
186 1649 396 1734 Tlreologalem
411 1651 489 1713 recte
504 1667 617 1712 munus
631 1665 720 1712 suum
735 1667 797 1711 non
812 1649 1013 1732 implentem?

107 1739 198 1820 ltesp.
219 1758 289 1803 cum
312 1743 344 1803 S.
366 1737 476 1822 Congu.
493 1741 599 1818 Cone,
620 1737 651 1801 in
674 1737 867 1816 Placentino,
889 1742 927 1803 aa
949 1748 1036 1803 nrum.

70 1831 158 1905 taor,
174 1847 223 1909 ap.
238 1829 275 1890 D.
291 1829 385 1892 Bouix
401 1829 465 1907 (ila,
481 1848 512 1911 p.
534 1833 622 1909 llblz
643 1851 658 1886 r
670 1826 882 1909 Theologalem
898 1829 1038 1893 Praeben·

66 1941 81 1974 a
105 1917 177 1978 dam
193 1916 332 1980 obtinens
345 1925 442 2000 potest
455 1917 594 2000 compelli
611 1925 645 1980 ut
656 1937 710 2001 per
723 1934 771 1994 se,
788 1936 849 1980 non
864 1937 919 2000 per
932 1919 1037 1983 substi-

65 2027 81 2063 ι)
105 2006 341 2082 tutum,moneri
352 2025 408 2069 suo
415 2006 586 2077 satisfaciat,
600 2009 664 2090 qui,
674 2007 697 2068 si
708 2007 739 2068 in
753 2006 911 2070 residendo
921 2027 953 2071 se
961 2029 1037 2091 prae·

66 2116 80 2152 a
106 2093 206 2156 buerit
231 2104 463 2172 contumacem,
487 2096 576 2162 debet
607 2097 774 2179 Episcopus
798 2095 940 2160 adversus
966 2117 1037 2163 eum

65 2205 80 2240 n
106 2184 324 2266 procedere‚ad
335 2185 540 2268 praescriptum
550 2205 617 2268 cap.
630 2190 678 2256 lu,
690 2204 762 2248 sess.
772 2191 810 2248 at
820 2189 1032 2270 (concutiar

64 2294 80 2332 ι
102 2281 133 2335 et
146 2293 202 2355 pro
216 2282 349 2356 tempore
359 2293 439 2357 quo,
450 2283 585 2338 cessante
598 2275 731 2358 legitima
743 2280 885 2352 coust...‚
898 2277 1035 2360 abluerit,

65 2383 80 2422 a
105 2362 186 2424 idem
210 2363 377 2446 Episcopus
400 2363 514 2442 alium,
532 2364 667 2444 ejusdem
682 2366 824 2428 Canoniei
847 2368 1035 2448 sumptibus,

64 2471 80 2509 o
104 2451 323 2516 substituere.»
348 2455 415 2515 Non
429 2459 547 2515 tenetur
561 2461 662 2516 tamen
677 2453 864 2535 Theologalis
879 2456 995 2536 legere,
1011 2459 1036 2520 si

65 2543 130 2620 ejus
143 2548 518 2624 antecessoresmunquam
531 2541 683 2625 legerunt,
699 2545 736 2605 ed
750 2542 832 2625 quod
846 2562 907 2606 non
922 2547 1038 2610 adesset

66 2631 238 2693 necessitas.
255 2632 286 2693 S.
312 2633 422 2713 Congr.
447 2633 561 2715 Episc,
584 2637 603 2696 8
624 2633 694 2695 maii
714 2635 790 2694 tosa
806 2637 865 2714 (ap.
884 2634 1035 2709 Ferraria,

66 2727 94 2779 v⁰
110 2717 284 2796 Cocanicus,
298 2727 354 2784 art.
369 2725 400 2797 9,
416 2737 450 2782 n⁰
469 2725 529 2800 32).
546 2721 712 2784 Procedere
725 2728 827 2783 autem
840 2721 931 2784 debet
950 2724 1036 2806 Epis·

64 2827 159 2890 copus
173 2808 307 2890 primum
321 2828 376 2892 per
392 2811 661 2874 comminationem
682 2827 856 2892 poenarum,
872 2817 903 2873 et
922 2830 1038 2877 succes-

65 2897 142 2966 sive.
165 2899 190 2959 si
214 2898 252 2960 sit
277 2899 500 2977 necessarium,
522 2918 576 2982 per
589 2899 856 2981 sequestrationem
870 2900 1035 2983 fructuum,

64 2986 300 3066 assignationem
310 2989 455 3070 portionis
466 2987 504 3051 de
514 2988 620 3051 iisdem
631 2987 868 3052 fructibusalteri
878 2992 929 3073 qui
944 2993 1037 3074 ipsius

65 3073 132 3136 loco
153 3073 247 3154 legat3
270 3085 423 3140 crescemc
444 3085 545 3140 autem
565 3079 768 3149 contumacia,
792 3087 890 3160 potest
908 3081 945 3144 ad
964 3102 1035 3146 cen-

63 3181 150 3226 suras
163 3173 193 3224 et
207 3165 403 3245 privationem
418 3167 553 3230 muneris
566 3166 721 3246 devenire,
740 3175 771 3230 et
783 3169 876 3232 alium
891 3170 1034 3236 idoneum

63 3254 256 3316 substituere.
280 3255 355 3318 vide
377 3255 465 3319 card.
480 3257 579 3334 Petra,
593 3275 642 3338 ap.
660 3257 755 3320 Bouix
781 3257 837 3338 (lte
864 3257 1032 3341 Capitulis,

103 3432 190 3503 Quod
209 3440 308 3515 potest
321 3435 489 3518 Episcopus
506 3441 538 3498 in
560 3439 613 3499 sut
626 3436 762 3501 Ecclesit
781 3437 966 3520 Gatbedrali,
980 3461 1032 3524 po

63 3524 121 3582 test
134 3523 224 3583 etiam
239 3522 270 3584 in
284 3523 350 3586 aliis
363 3524 499 3588 ecclesiis
512 3524 670 3588 ordinariis
692 3527 883 3590 interioribus
897 3530 952 3590 sibi
969 3532 1039 3594 sub·

62 3609 165 3688 jectis,
187 3611 345 3693 inquibus
363 3621 435 3676 sunt
450 3613 625 3677 Praebendae
645 3615 841 3695 Theologates
862 3625 986 3693 eructu,
1014 3623 1039 3683 si

64 3697 185 3762 lllarum
198 3700 343 3764 Prolatus
357 3702 389 3764 in
403 3701 577 3782 hujusmodi
590 3707 664 3766 cura
676 3703 880 3784 negligentem
894 3723 926 3767 se
939 3715 1040 3770 osten-

869 3805 935 3867 qu·
