2528 3996
228 214 285 278 ddd
446 229 581 275 uenulae
598 227 699 274 renos
719 227 801 273 rems
821 225 970 273 etnenror.

225 327 406 392 diecesibus
426 323 630 402 disseminati,
654 323 865 408 Superiorissaa
886 324 1024 387 Generali
1046 324 1210 406 subdunt„

225 418 319 480 multa
333 415 441 478 exoriri
457 419 581 496 possent
598 413 695 490 mala,
709 420 740 476 et
757 412 932 476 difficillime
954 414 1053 476 unitas
1072 413 1103 475 in
1129 417 1213 497 regi-

227 507 308 569 mine
322 513 351 568 ct
363 503 622 568 administratione
635 510 814 577 servaretur,
829 502 854 565 si
869 502 979 584 singuli
998 503 1037 565 ab
1050 503 1211 585 Epismrpe

227 595 412 678 penderent:
428 593 476 655 alii
496 593 578 654 enim
600 591 685 654 aliter
702 590 782 654 circa
804 590 884 652 idem
904 591 1060 670 negotium
1082 599 1211 671 possent

228 691 367 746 statuere.
380 681 466 747 Unde
480 680 613 762 legitime
628 680 789 761 inquiritur
803 679 958 761 quomode
967 689 1042 743 tunc
1055 681 1210 743 rnentatrs

228 771 266 835 ab
279 771 438 834 Ordinario
452 769 652 852 dependeant.
1251 773 1252 780 ’

270 859 763 940 Adsotutienemquaestionistam
775 857 1209 939 gravismementidieimns:

231 950 276 1012 vet
299 953 330 1012 S.
348 949 459 1024 Sedes,
482 947 711 1010 constitutiones
734 945 905 1026 hujusmodi
929 949 1209 1028 congregationum

230 1037 437 1120 approbando,
452 1035 661 1098 determinavit
683 1035 808 1098 modum
831 1053 894 1117 que
917 1035 1095 1098 monialese
1119 1039 1211 1100 variis
1252 1074 1253 1112 r

231 1125 397 1188 ordinariis
419 1124 602 1207 penderent,
623 1131 712 1206 prout
733 1124 850 1206 peregit
870 1123 984 1187 Bened.
1006 1127 1072 1186 xlv
1097 1125 1132 1187 in
1158 1131 1210 1189 sud
1252 1123 1253 1136 ¹

232 1215 356 1276 Censtit.
369 1213 516 1290 Quemvis,
529 1217 568 1276 30
581 1211 667 1294 april.
683 1215 770 1285 ttae,
785 1210 885 1294 quoad
905 1209 1209 1294 VirginesAnplr‘eus,

231 1311 261 1365 et
274 1309 347 1366 tunc
367 1301 478 1384 regutae
492 1302 536 1364 sic
555 1299 632 1364 datae
650 1308 721 1363 sunt
740 1304 821 1364 certe
841 1300 1054 1378 observendae;
1070 1303 1117 1363 vel
1137 1305 1209 1366 nibil

232 1390 289 1454 tale
304 1390 359 1454 luit
378 1392 547 1466 sancitum,
566 1399 597 1452 et
617 1398 690 1452 tunc
711 1389 857 1452 moniales
873 1389 954 1452 certe
968 1391 1058 1452 etiarn
1074 1392 1211 1472 pendent

233 1479 271 1541 ab
285 1478 648 1562 unoquoquerespectire
662 1479 809 1560 Episcopo
824 1478 881 1540 leci
901 1477 952 1541 ubi
968 1479 1099 1540 resident
1114 1481 1213 1562 quoad
1253 1507 1254 1516 ¹

234 1589 267 1632 ee
280 1587 345 1652 que
363 1577 431 1630 suat
447 1566 669 1650 jurisdictionis
688 1565 873 1648 episcopalis,
895 1569 967 1629 cirm
987 1585 1024 1630 ea
1045 1568 1083 1628 ad
1100 1587 1211 1632 unum-

234 1676 386 1740 quemque
404 1657 603 1739 respectivum
617 1655 809 1719 Ordinarium
824 1657 994 1738 pertineant
1013 1657 1133 1719 ratione
1148 1678 1211 1722 mu·
1254 1684 1255 1770 q

157 1813 161 1818 ,
235 1747 315 1810 neris
337 1746 531 1828 episcopalis,
556 1744 793 1827 independenter
812 1745 851 1808 ab
873 1745 959 1821 aliis,
979 1743 1077 1826 iisque
1098 1749 1209 1828 privari
1254 1777 1255 1786 2

234 1843 364 1918 nequeat
379 1835 433 1896 nisi
451 1837 482 1896 in
494 1833 613 1896 casibus
630 1834 728 1912 ajure
747 1833 963 1896 determinatis.
979 1865 1016 1879 -·
1033 1834 1094 1897 Sed
1107 1838 1209 1916 quoad

234 1943 270 1987 ea
292 1944 359 2006 quae
374 1930 444 1986 sunt
467 1941 557 1985 merae
570 1922 834 1986 administrationis
852 1921 1065 1998 oeconomice,
1084 1941 1150 1986 nen
1171 1931 1209 1986 ri-

234 2013 322 2075 detur
345 2031 432 2095 posse
450 2011 565 2074 admitti
589 2012 672 2092 qudd
694 2012 751 2075 sub
769 2011 818 2074 tali
838 2019 976 2094 respectu
1000 2011 1151 2077 moniales
1172 2015 1208 2077 ab
1255 1990 1256 2048 ¹

236 2119 420 2182 unoquoque
430 2101 594 2182 respective
603 2100 760 2162 Ordinarie
768 2101 931 2183 pendeant,
946 2100 1071 2182 quande
1078 2103 1207 2166 subsunt

236 2189 445 2270 Superiorissae
459 2189 590 2270 generali
599 2188 678 2252 :haec
692 2189 794 2267 enim,
810 2191 911 2268 etjam
921 2189 1065 2262 diximus,
1077 2189 1116 2252 ad
1129 2193 1207 2274 Epis

236 2295 329 2358 copes
344 2293 405 2338 non
420 2278 569 2358 pertinent
584 2277 697 2340 ratione
711 2277 844 2340 muneris
853 2277 1049 2360 episcopalis.
1065 2279 1122 2340 sed
1136 2281 1207 2343 dun·

235 2365 886 2449 texatrationeconsuetudinisltttddl;porrd
895 2365 1086 2430 consuetude
1095 2379 1206 2432 nonest

236 2453 421 2517 observanda
436 2454 492 2516 nisi
507 2455 545 2516 sit
567 2455 645 2517 bena
659 2463 688 2517 et
702 2455 905 2532 rationabilis,
921 2455 1001 2537 qued
1017 2456 1067 2518 hic
1081 2459 1207 2520 minime

236 2544 357 2606 accidit:
374 2543 398 2605 si
412 2544 495 2605 enim
509 2561 537 2605 v.
554 2563 583 2624 g.
601 2561 679 2606 unus
694 2543 859 2630 Episcopus
872 2545 960 2607 vellet
977 2545 1090 2627 praefici
1105 2548 1209 2612 Ordini

236 2633 280 2695 vel
297 2631 477 2695 monasterie
490 2631 653 2694 monialem
667 2650 759 2714 quam
776 2633 850 2695 alter
864 2633 1032 2715 Episcopus
1049 2634 1142 2698 vellet
1156 2637 1210 2700 sibi

236 2725 384 2798 retinere;
409 2721 433 2784 si
454 2728 542 2784 certae
567 2720 713 2802 religiosae
734 2739 771 2784 ex
791 2739 854 2784 uno
881 2721 1038 2785 Ordinarin
1062 2721 1212 2788 deberent

236 2811 302 2890 ejici
318 2817 369 2873 aet
382 2809 451 2872 alibi
475 2809 645 2883 transferri,
661 2809 718 2872 bec
733 2810 830 2892 ipsum
844 2820 991 2874 renuente
1010 2811 1107 2874 altem
1120 2815 1211 2876 Ordi-

237 2901 340 2974 narie,
355 2899 401 2960 vel
416 2898 618 2981 Superiorisstt
632 2899 783 2978 generali,
798 2899 953 2980 quomedo
967 2899 996 2962 in
1013 2899 1106 2964 biset
1129 2904 1212 2967 mille

237 2988 301 3050 aliis
315 2987 462 3048 similibus
480 2987 587 3068 peterit
609 2986 713 3050 adesse
735 2987 834 3050 unitas
855 2989 1032 3070 regiminis?
1053 2993 1212 3072 quemodo

237 3083 315 3138 stare
337 3074 445 3156 poterit
459 3075 584 3156 ipsamet
603 3076 826 3158 congregatio?
841 3081 920 3160 Ergo
942 3079 1131 3142 rationabilis
1152 3101 1211 3149 nen

237 3173 281 3226 est
294 3162 478 3225 consuetudo
492 3167 567 3244 qul,
583 3163 639 3226 sub
653 3166 767 3228 ratione
781 3167 937 3245 regiminis
953 3169 1155 3244 oecenemici‚
1176 3171 1212 3231 ab

238 3269 421 3332 unoquoque
436 3251 598 3332 respective
612 3251 768 3316 Ordinarie
782 3253 932 3336 pendeant
942 3256 1093 3319 moniales
1110 3259 1212 3340 Supe-

237 3340 365 3402 riorissae
394 3340 526 3421 generali
554 3341 702 3419 subdita,
725 3343 778 3405 sed
805 3346 823 3405 a
851 3345 1052 3426 Superiorisstl
1075 3349 1211 3428 generali

237 3427 381 3490 duntaxat
394 3429 526 3511 pendere
539 3429 664 3504 debent,
679 3439 710 3493 et
721 3430 759 3494 ad
773 3449 928 3496 summum
942 3433 981 3495 ab
994 3435 1148 3517 Episcopo
1162 3437 1211 3500 eut

238 3515 339 3579 subdit
353 3517 566 3580 monasterium
581 3521 598 3580 b
616 3536 678 3602 que
697 3527 811 3583 creare
831 3521 1016 3604 dependent.
1032 3523 1056 3585 si
1077 3541 1212 3588 cransue·

240 3603 312 3668 tude
326 3605 421 3686 vigeat
435 3603 530 3686 qudd,
546 3607 661 3669 ratione
671 3609 825 3682 regiminis
834 3613 907 3686 (non
917 3612 987 3673 vero
997 3611 1113 3674 ratione
1118 3615 1212 3694 juris·
