2528 3996
484 245 568 290 uranu
591 245 708 291 rruuus.
1027 233 1080 294 551

155 345 369 404 Verumtamen
384 339 406 401 si
422 338 594 418 hujusmodi
615 340 781 422 ingerentia
799 343 831 403 in
854 343 1086 407 administratio·

109 449 184 494 nem
198 431 347 492 bonorum
363 430 606 500 communitatis,
623 431 841 492 consuetudine
859 451 919 494 nou
934 433 1084 512 firmetur,

110 521 176 583 inid
190 521 214 582 si
229 519 305 581 adsit
328 517 417 597 longa
432 519 619 580 consuetudo
638 519 667 580 in
691 520 895 599 eontrarium,
919 521 989 584 huie
1009 530 1086 586 stare

110 628 201 693 posse
221 608 359 671 ridentur
380 607 536 668 moniales.
558 610 618 670 Nee
640 607 737 669 obstat
759 610 839 689 qudd
863 611 923 672 sint
941 613 1086 694 Episcopo

112 700 279 778 subiectae:
302 715 373 759 naun
392 697 585 777 superioritas
607 696 673 759 haee
692 695 908 775 jurisdictionis
930 707 994 777 est,
1024 720 1086 764 non

112 788 323 863 dominatira;
349 785 438 867 porrd
465 785 515 864 ius
542 784 771 847 administrandi
802 785 840 848 ad
872 787 1085 853 dominatiram

114 878 252 959 pertinet.
579 899 582 906 ·

155 970 243 1028 3931.
266 967 310 1028 Ex
334 965 381 1028 his
406 963 530 1045 intelligi
553 969 649 1044 potest
663 963 816 1046 quomodo
831 965 1007 1046 Superiores
1021 985 1089 1037 mo.

113 1053 240 1117 nialium
263 1055 300 1116 ab
319 1053 475 1136 Episcopis
489 1052 621 1133 deputati
641 1071 671 1114 se
686 1071 789 1133 gerere
812 1053 943 1116 debeant
963 1075 971 1116 ε
991 1045 1087 1120 «Νοῃ

112 1168 130 1204 n
155 1145 237 1207 eninr
260 1143 331 1224 ipsis
350 1145 419 1206 lieet
438 1161 493 1224 pro
514 1141 598 1202 libitu
620 1159 802 1203 eonsensum
817 1141 1019 1224 denegare...;
1035 1146 1087 1210 sed

71 1253 78 1260 ·
112 1257 128 1293 u
154 1233 206 1297 ubi
228 1233 346 1296 nullum
360 1238 533 1295 secuturum
555 1229 769 1292 detrimentum
788 1233 993 1314 perspiciunt,
1013 1253 1086 1298 eon-

113 1347 128 1383 »
154 1341 277 1386 sensum
293 1327 431 1404 praestare
446 1325 605 1382 tenentur:
621 1318 691 1400 quia
703 1320 752 1397 jus
767 1320 1015 1403 administrandi,
1032 1325 1086 1388 etsi

114 1438 129 1472 n
154 1412 192 1474 ab
216 1414 349 1494 ipsorum
372 1427 522 1494 consensu
545 1407 738 1490 dependens,
755 1428 816 1470 non
839 1415 941 1472 tamen
956 1413 992 1474 ad
1008 1415 1090 1496 ipsos

115 1526 130 1559 n
157 1501 301 1582 pertinet.
317 1499 369 1562 sed
379 1499 416 1560 ad
431 1497 594 1572 moniales3
606 1505 635 1558 et
645 1497 763 1559 laeditur
770 1499 821 1576 jus
836 1499 927 1576 illud,
940 1501 964 1562 si
974 1502 1088 1585 absque

117 1617 130 1644 a
158 1590 322 1652 rationabili
339 1591 450 1664 cause,
466 1586 559 1668 ipsius
574 1586 748 1647 exercitium
764 1587 1000 1669 praepediatur...
1017 1592 1087 1653 Eui-

117 1707 131 1736 u
156 1698 225 1759 gere
241 1679 344 1760 nequit
358 1675 505 1759 superior,
521 1682 555 1738 ut
570 1676 600 1735 iu
612 1675 701 1736 rebus
712 1675 829 1737 levioris
845 1679 1040 1750 momentu„
1056 1682 1088 1741 in

115 1795 130 1826 n
157 1769 254 1849 parvis
279 1769 434 1849 expensiS,
459 1764 697 1846 emptionibusve
725 1771 775 1826 aut
796 1767 1035 1846 reparationibus
1059 1775 1089 1830 el

114 1883 130 1916 n
155 1857 364 1938 eleemosynis,
374 1855 822 1936 ipsiusexpeeteturconsensus
834 1873 841 1914 :
855 1855 962 1934 quin...
979 1856 1089 1938 depen-

115 1971 130 2004 u
155 1947 256 2007 denlia
269 1993 275 2018 ,
289 1949 306 2006 rt
321 1943 537 2007 consuetudine
554 1941 692 2013 induota,
710 1961 771 2003 non
787 1943 817 2003 in
833 1941 989 2006 utilitatem
1005 1946 1088 2008 aede·
1120 1953 1121 1958 ’

116 2061 130 2096 u
157 2045 218 2106 ret,
235 2033 331 2096 sedin
347 2033 560 2095 detrimentum
574 2032 741 2112 :siquidem
757 2049 878 2094 exosam
894 2032 1031 2096 redderet
1045 2053 1089 2097 re-

116 2150 131 2184 u
157 2126 292 2203 ligiosam
313 2124 419 2197 vitam,
435 2127 465 2182 et
486 2120 676 2201 tyrannidem
691 2120 853 2202 quamdam
869 2129 996 2203 saperet.
1014 2147 1028 2182 n
1046 2127 1088 2187 lla

120 2217 154 2276 l).
173 2214 265 2276 llouix
280 2213 334 2292 (Ile
350 2210 503 2292 deputem,
522 2216 594 2270 torn.
611 2215 641 2284 2,
657 2230 687 2290 p.
706 2211 784 2291 317),
801 2212 852 2291 qui
869 2211 1087 2295 inexemplum

118 2304 205 2364 relert
220 2311 317 2364 certos
330 2300 506 2380 Superiores
529 2299 579 2378 qui
596 2299 756 2379 probibent
778 2318 833 2377 ne,
849 2301 963 2382 absque
978 2305 1088 2381 praevio

118 2393 249 2474 ipsorum
265 2407 429 2466 consensu,
445 2387 592 2448 moniales
605 2387 642 2447 de
660 2393 778 2448 summa
794 2392 833 2449 50
846 2388 1019 2452 franeorum
1036 2399 1088 2454 aut

116 2483 206 2545 eliam
228 2480 336 2542 minori
358 2479 518 2558 disponere
531 2475 667 2550 valeant3
688 2485 717 2537 et
732 2475 853 2537 landem
874 2484 978 2538 monet
992 2480 1088 2560 Supe-

117 2573 230 2647 riores,
246 2588 307 2632 non
322 2587 359 2629 ex
373 2567 445 2648 jure
459 2563 630 2647 dispositive
643 2571 672 2624 et
681 2564 883 2645 proprietario
897 2583 985 2646 posse
1000 2585 1031 2628 se
1047 2569 1089 2628 in-

117 2679 220 2742 gerere
236 2661 267 2720 in
282 2659 431 2720 bonorum
451 2652 629 2716 monialium
653 2651 960 2730 administrationem,
977 2655 1027 2716 sed
1052 2675 1089 2718 ex

114 2753 181 2829 jure
195 2748 336 2809 directim
350 2745 479 2818 tontbrn,
492 2751 522 2804 et
534 2741 696 2804 baeoetiam
704 2740 858 2822 Superiori
874 2741 1004 2824 regulari
1019 2751 1089 2807 sunt

117 2837 302 2920 applicanda.
320 2834 430 2912 (Bouix
443 2880 451 2910 ,
466 2830 551 2902 itia„
569 2849 601 2912 p.
617 2832 699 2908 318.)

155 2931 243 2989 2032.
266 2924 352 2990 Unde
366 2927 537 2986 contractus
551 2938 670 3001 semper
684 2919 747 2982 fieri
759 2918 870 2982 debent
883 2922 1006 2986 nomine
1020 2943 1089 2988 mo-

118 3017 235 3080 nasterii
251 3032 287 3077 ao
301 3012 496 3087 monialium,
522 3028 583 3072 non
596 3011 667 3071 rerd
682 3009 805 3071 nomine
828 3010 874 3072 rel
888 3011 1027 3095 Episropi
1043 3015 1088 3076 vei

117 3105 285 3188 Superioris
297 3104 358 3165 sire
373 3099 525 3164 secularis
538 3101 599 3162 sire
613 3099 758 3181 regularis
778 3118 785 3160 :
802 3100 949 3182 quianon
964 3105 1088 3182 Episco-

117 3215 173 3279 pus
196 3213 252 3256 nee
274 3191 416 3274 Superior
430 3187 614 3270 obligantur,
630 3188 682 3251 sed
705 3195 870 3252 conventus
890 3194 920 3251 et
942 3191 1089 3253 moniales

117 3283 218 3368 (ibid,
235 3302 264 3365 p.
281 3284 361 3360 att).

489 3394 642 3454 PUNCTUll
663 3395 703 3480 lll.

373 3511 411 3558 uu
432 3507 605 3557 rnrvruraus
626 3505 825 3553 ursumrruu.

108 3689 114 3700 .
157 3636 245 3698 2933.
269 3631 359 3694 Plura
377 3631 408 3692 in
435 3624 662 3708 Prolegomenis
675 3623 806 3688 diximus
825 3626 863 3688 de
880 3626 1042 3708 priuileuiia
1055 3630 1088 3688 in
