2528 3996
457 216 543 262 tisun
564 218 681 264 raldus.

530 382 593 466 an.

286 518 331 579 Dr
344 515 486 598 regimine
499 516 684 596 regularium
699 519 739 580 ad
753 519 846 581 intra.

122 653 210 713 2982.
234 647 375 712 Dicemus
390 655 421 712 l⁰
435 650 473 712 de
487 655 633 732 potestate
655 655 716 734 qut
738 653 904 716 voluntarie
927 652 1055 733 religiosi

84 737 122 800 ad
134 738 211 801 intra
225 745 386 820 rogantum
400 743 432 802 10
446 739 484 801 de
500 739 695 804 Praelatoram
705 742 890 823 regularium
900 741 1055 804 coercitiut

86 831 248 910 potestaie3
263 831 294 891 30
309 827 377 910 quis
391 829 485 911 possit
497 829 651 910 regulares
665 831 779 894 solvere
794 833 812 892 b
825 831 911 894 votis.

479 979 633 1039 PUNCltllt
651 983 671 1040 1.

126 1097 163 1142 nu
183 1094 347 1146 rorasrara
362 1099 418 1152 oua
441 1099 610 1147 arausinas
631 1102 669 1146 an
683 1101 773 1148 mrna
790 1099 1016 1149 uurnnnanrun.

125 1219 213 1279 2983.
237 1217 359 1290 Quaerit.
373 1219 504 1297 l⁰CuJus
517 1223 633 1281 naturae
645 1219 685 1280 sit
696 1224 897 1301 potestasque
907 1230 1060 1300 regulares

86 1303 124 1368 ad
139 1305 217 1366 intra
230 1308 438 1387 gubernantur
451 1308 466 1370 i

126 1395 216 1477 Resp.
232 1395 368 1476 Tripliois
378 1395 487 1478 speciei
498 1415 564 1460 esse
573 1415 661 1478 posse
675 1395 755 1460 bano
764 1401 940 1479 potestatem
951 1413 1061 1476 nempe

88 1483 144 1546 voti
160 1484 264 1562 solius,
277 1485 494 1565 iurisdictionis
507 1489 628 1568 proprie
648 1485 752 1564 diota,
776 1487 822 1548 vel
844 1485 989 1547 duntaxat
1010 1484 1061 1572 do

89 1573 262 1636 minationis
276 1591 329 1636 seu
344 1575 489 1657 simplicis
503 1575 669 1657 regiminis.

131 1666 160 1723 10
191 1660 256 1723 Voti
271 1663 359 1724 solius
375 1685 385 1724 :
404 1664 432 1726 vi
458 1665 540 1727 enim
559 1665 618 1727 voti
637 1665 781 1749 Superior
801 1668 898 1746 polest
916 1662 1062 1743 religiosis

90 1750 153 1812 suis
166 1751 314 1833 imperare
328 1751 565 1834 independenter
581 1756 599 1815 a
613 1760 757 1820 potestate
776 1751 994 1833 jurisdictionis
1012 1757 1062 1812 aul

89 1839 303 1902 dominationis
315 1862 322 1918 ;
339 1842 382 1904 sio
396 1843 485 1904 eliam
499 1841 700 1905 confessarius
713 1891 720 1920 ‚
737 1843 789 1926 qui
803 1843 884 1904 certo
899 1839 1012 1902 nullam
1026 1857 1061 1902 ex

89 1929 225 1991 sehabet
238 1937 414 2011 potestatem
428 1930 641 1994 dominationis
657 1932 688 1992 in
703 1933 898 2014 poenitentes,
911 1937 1011 2011 posset
1023 1935 1064 1990 ta·

89 2035 162 2080 nien
176 2017 323 2100 imperare
337 2019 363 2081 ei
378 2021 430 2102 qui
445 2029 547 2083 votum
561 2021 708 2083 emisisset
728 2038 783 2084 suo
804 2017 965 2081 obediendi
988 2035 1062 2080 eon·

89 2107 233 2183 tessari03
252 2107 317 2170 haec
341 2115 443 2172 autem
465 2110 606 2191 obligatio
629 2109 788 2172 obediendi
815 2109 918 2171 nititur
945 2108 1064 2168 tantlnn

90 2196 199 2258 virtute
212 2197 385 2279 Religionis,
401 2198 474 2262 dum
489 2199 554 2262 alite
568 2198 637 2262 duae
647 2198 864 2281 subsequentes
877 2195 1015 2259 oriuntur
1027 2215 1065 2258 ex

90 2285 214 2365 justitia.

133 2377 166 2436 2⁰
185 2375 407 2438 Jurisdictiom's
421 2377 542 2459 proprie
560 2378 648 2442 dictae
661 2398 674 2442 .·
695 2377 820 2441 nomine
831 2375 1063 2459 jurisdictionis,

92 2465 193 2546 inquit
202 2467 311 2528 Suarez
325 2466 380 2545 (De
394 2467 509 2547 Relip„
524 2472 598 2528 tom.
610 2470 641 2541 3,
652 2467 704 2528 lib.
720 2472 750 2542 2,
766 2483 827 2546 cap
845 2469 892 2538 18,
909 2477 943 2525 u⁰
957 2465 1002 2544 5),
1017 2464 1066 2524 lito

92 2555 270 2637 intelligitur
281 2564 408 2638 potestas
416 2555 586 2638 spiritualis
599 2555 639 2618 ad
646 2555 737 2617 claues
751 2555 895 2616 Ecclesiae
904 2555 1063 2633 pertinens,

91 2651 123 2706 et
134 2653 340 2726 cousequenter
358 2645 377 2706 a·
401 2645 521 2708 Clrrr'sto
537 2644 627 2722 datu,
643 2643 789 2705 mediante
808 2641 924 2702 Virari'o
936 2660 1005 2715 rao,
1022 2639 1068 2702 vel

92 2731 164 2794 aliis
177 2733 209 2795 E
207 2733 343 2815 piscopr's.

135 2826 223 2885 1981.
241 2857 280 2868 --
293 2826 325 2884 30
343 2846 358 2882 a
372 2826 429 2887 Per
442 2829 669 2907 potestatem...
684 2820 909 2897 dominativum,
934 2820 1067 2884 nitidem

94 2935 110 2972 i
137 2911 222 2990 (io),
238 2911 361 2994 intelligi
374 2919 493 2994 oportet
509 2914 559 2992 jus
579 2911 762 2995 acquisitum
778 2909 923 2990 Religioni
938 2917 967 2972 et
988 2911 1068 2974 1³1·ae-

94 3025 110 3060 n
136 3001 204 3063 latis
213 3001 289 3081 ejus,
304 3001 563 3083 adimperandum
574 3001 720 3082 religiosis
729 3005 760 3062 et
771 2998 918 3062 utendum
928 3000 1069 3080 operibus

94 3114 111 3150 a
137 3107 264 3162 eorum,
281 3097 370 3172 prout
389 3091 570 3154 conveniens
589 3089 823 3172 judicaverint...
849 3089 921 3150 Haeo
940 3095 1069 3169 potestas

94 3204 111 3240 a
137 3187 204 3242 orta
217 3185 261 3242 est
273 3179 442 3242 radicaliter
456 3182 473 3241 a
489 3179 640 3242 voluntate
652 3176 857 3262 profitentium
876 3177 966 3238 talem
980 3195 1069 3255 regu-

95 3291 111 3330 a
138 3268 201 3331 lam
214 3277 244 3331 et
257 3286 288 3332 se
302 3268 480 3332 donantium
493 3267 642 3350 Religioni
655 3285 726 3331 oum
740 3265 939 3349 promissione
953 3271 982 3325 ot
998 3264 1071 3324 obli·

95 3381 112 3418 a
139 3359 260 3441 gatiano
273 3357 432 3421 obediendi
447 3357 746 3421 secundbmillam...
757 3354 897 3428 Quamvis
908 3352 1071 3433 impropria

96 3471 113 3508 a
138 3448 240 3510 vocari
263 3448 356 3530 possit
372 3447 592 3528 iurisdicti0...‚
615 3447 728 3509 abusus
746 3445 829 3508 vocis
841 3441 992 3505 carendus
1005 3447 1068 3513 est,

96 3561 113 3598 r
141 3544 206 3600 tum
221 3538 292 3620 quia
305 3537 420 3600 inducit
433 3537 710 3618 ambiguitatem...‚
728 3541 794 3597 tum
815 3533 903 3614 quia,
926 3549 1025 3612 nequo
1040 3532 1071 3594 in

97 3647 115 3684 a
139 3627 208 3706 jura
226 3626 373 3688 canonico
393 3643 449 3688 ner
470 3625 502 3686 in
516 3625 615 3697 civili.
636 3623 745 3688 dieitur
763 3619 930 3702 jurisdictio
945 3622 1001 3686 nisi
1016 3639 1071 3700 po-
