2534 3996
460 282 543 325 ttmcn
565 281 680 325 antuus·

536 469 555 550 5
577 472 611 533 V.

214 626 446 710 Deoblt'paliont
457 625 611 690 nnitlendi
622 625 694 708 fidei
702 585 923 710 professionem.

124 799 214 860 2365.
237 799 280 859 Ex
290 796 404 859 Gonail.
418 795 500 858 Trid.
512 795 595 872 (sess.
605 798 656 874 at,
667 813 694 858 e.
708 795 892 876 inderet),
902 795 1013 876 provisi
1021 791 1055 857 (be
1161 785 1162 790 ’

84 883 312 948 canonicatibus
334 892 363 946 et
386 883 587 964 llipnitalibna
610 883 642 945 in
664 883 808 946 Ecclesiis
830 882 1056 946 cathedralibus

81 971 157 1053 (non
179 975 250 1036 verb
275 973 306 1034 in
326 972 493 1052 collegiatis
515 989 551 1034 ex
566 971 597 1034 S.
613 973 646 1034 C.
667 971 795 1047 Condi,
816 970 895 1052 apud
911 971 1053 1050 Ferraris,

82 1070 114 1122 v⁰
129 1061 156 1123 C
155 1062 342 1134 anoniratus,
356 1069 411 1123 art.
428 1065 462 1130 b,
475 1071 507 1122 η’
517 1061 565 1134 32]
577 1079 636 1121 non
645 1059 743 1122 solium
757 1057 894 1121 debenti
908 1058 956 1120 die
967 1059 1055 1142 adap-

83 1158 123 1212 toe
134 1150 318 1230 possessionis
331 1149 370 1210 ad
384 1149 479 1211 minus
496 1151 577 1209 intra
591 1147 661 1210 duas
673 1167 799 1222 mensas,
815 1145 984 1210 ortbodosce
996 1166 1057 1211 suoe

80 1238 155 1320 fidei
166 1237 314 1318 publicam
322 1240 418 1318 farere
428 1239 652 1320 professionem,
670 1245 700 1298 et
713 1238 746 1298 in
763 1236 902 1299 Romanae
914 1235 1057 1299 Erebeae

81 1326 286 1389 obedientiiae
297 1347 499 1410 perinansnras
511 1327 648 1410 spondere
661 1335 691 1388 et
698 1326 807 1407 jurare
820 1325 853 1385 in
865 1323 998 1385 manibus
1009 1325 1056 1406 ip-

80 1420 143 1477 sins
165 1416 321 1498 Episcopi,
344 1416 404 1490 vel,
431 1435 463 1478 eo
481 1415 630 1497 impedita,
646 1435 743 1477 raram
767 1413 907 1477 Generali
923 1413 986 1494 ejns
1004 1413 1055 1475 Vi·

80 1511 164 1567 corio
176 1555 183 1578 ,
197 1505 245 1568 sed
254 1508 343 1568 etiarn
358 1505 389 1567 in
405 1504 543 1586 Capitale
557 1504 632 1565 idem
641 1505 738 1586 facere
752 1511 896 1565 tenentur.
912 1503 1055 1584 Alioquin

80 1595 198 1676 fractus
212 1615 267 1657 nan
277 1595 391 1676 sariunt
406 1614 477 1664 snos,
491 1613 542 1656 nee
556 1593 620 1655 illis
629 1593 768 1676 possessio
777 1591 938 1674 saffrapnri
945 1598 1053 1673 potest.
1103 1633 1106 1640 -

81 1685 157 1748 Vide
167 1685 245 1748 diota
259 1703 351 1767 supra
361 1687 471 1762 (titt).

121 1777 211 1836 2366.
237 1775 306 1838 Haeo
321 1774 485 1856 posteriora
498 1773 586 1836 verba
602 1769 795 1852 intelligenda
814 1775 885 1834 sunt
898 1767 937 1832 de
949 1770 1059 1852 troadis

81 1861 134 1924 bas
149 1863 247 1925 Proebr
256 1862 327 1932 ada.
346 1881 406 1925 non
420 1865 491 1926 verb
504 1863 543 1925 de
556 1860 823 1924 distributionibus.
838 1861 882 1922 lta
895 1861 927 1922 S.
944 1860 1054 1942 Gongr.

82 1954 174 2014 Cone
192 1953 274 2032 juxta
289 1953 391 2034 plures
404 1971 452 2034 ap.
469 1954 505 2014 D.
524 1951 617 2014 Bouix
632 1951 687 2026 (De
702 1949 814 2031 Capit..
831 1967 862 2030 p.
877 1950 953 2019 am,
972 1953 1054 2032 ete).

80 2039 168 2104 Unde
183 2041 324 2104 Canoniei
344 2040 436 2104 choro
456 2040 628 2104 assistentes
646 2045 773 2121 possunt
792 2038 920 2101 rotinere
937 2039 1056 2102 tertiam

81 2138 200 2211 partem
214 2127 367 2192 fruetuum
382 2127 566 2200 Praebendae,
582 2147 651 2210 quae
664 2147 703 2192 ex
713 2129 780 2208 jure
795 2126 1056 2192 indistributiones

80 2227 126 2281 est
139 2217 341 2281 convertenda
356 2217 457 2297 (ibid,
469 2237 500 2300 p.
516 2220 597 2293 313).

121 2309 249 2370 Fructus
263 2326 340 2390 quos
354 2325 425 2370 suos
440 2325 500 2369 non
515 2306 585 2369 iacit
598 2305 766 2370 canonieus
780 2306 811 2368 in
821 2324 893 2368 casu
902 2307 1054 2388 praesenti,

81 2397 106 2460 si
124 2399 141 2458 b
165 2401 270 2458 meust
285 2396 410 2480 Capituli
425 2397 483 2458 sint
497 2395 646 2471 distincti,
666 2395 799 2478 impendi
822 2394 948 2468 debent,
965 2399 1056 2459 etiam

81 2493 150 2548 ante
164 2485 358 2556 sententiam,
375 2486 405 2546 in
421 2505 509 2557 usum
520 2503 686 2568 pauperum
701 2485 747 2546 rel
757 2484 898 2545 labrioam
909 2484 1053 2546 ecolesiae.

82 2577 118 2636 V.
135 2575 266 2636 Ferraris
281 2579 325 2654 ’,νο
340 2575 554 2652 canonicatus,
568 2581 624 2638 art.
640 2579 681 2650 b,
697 2573 738 2636 η’·
752 2575 803 2648 ut,
826 2575 880 2648 22,
896 2575 954 2648 23,
970 2576 1053 2650 ete).

120 2675 209 2734 2367.
234 2671 411 2750 Huiusmodi
437 2671 580 2754 professio
608 2670 695 2746 fidei,
717 2669 798 2749 juxta
824 2667 1054 2749 Ceeooperium,

81 2780 130 2843 sp.
145 2764 178 2822 t).
195 2761 351 2840 Bouixllle
366 2762 480 2845 Capit,
493 2781 525 2841 p.
540 2757 800 2842 att),potestt1eri
814 2775 868 2837 per
882 2764 1055 2838 procurato·

83 2868 158 2911 rem.
174 2850 231 2912 Sed
253 2851 309 2914 boa
326 2869 387 2914 non
404 2851 532 2913 admittit
545 2849 695 2924 Feminis,
711 2847 812 2930 piures
826 2846 857 2908 in
871 2847 1054 2910 contrarium

84 2937 214 3002 reterens
227 2939 445 3004 declarationes
465 2940 497 3002 S.
514 2940 548 3002 G.
571 2937 699 3012 concii,
724 2937 801 2998 inter
821 2953 897 3017 quas
917 2938 955 2997 rt
978 2941 1052 3017 sept.

84 3033 177 3102 1696,
193 3032 223 3090 in
251 3033 310 3109 qut
332 3028 459 3092 dieitur:
479 3031 574 3091 «Non
589 3028 728 3090 admittas
742 3025 875 3107 provisas
889 3022 927 3086 sd
942 3024 1053 3106 proies·

82 3139 97 3177 s
120 3117 237 3179 sionem
261 3117 347 3192 fidei,
370 3119 430 3180 nisi
447 3138 502 3200 per
519 3118 624 3200 seipsos
642 3117 807 3180 ernitlantn
827 3117 871 3193 (v0
894 3114 1054 3175 t'anont'ca·

83 3215 143 3278 tas,
161 3215 215 3268 art.
232 3210 269 3280 b,
286 3210 320 3268 n⁰
340 3210 381 3284 5).
404 3209 437 3268 ln
451 3206 650 3268 additionibus
664 3212 765 3267 mmen
781 3207 825 3280 (m
839 3204 888 3280 35)
901 3202 1054 3264 dubitatur

82 3315 118 3358 an
133 3297 164 3358 S.
182 3296 330 3378 congreg.
354 3294 704 3358 conet1.³nhtoeaaom
723 3294 871 3354 sententis
890 3289 1002 3353 steterit
1023 3289 1054 3353 in

86 3384 238 3458 Toletani,
257 3389 292 3446 Π
308 3403 372 3466 apr.
391 3388 468 3447 tras
482 3391 512 3447 et
525 3384 591 3447 aliis
605 3383 717 3445 ibidem
731 3383 838 3444 citatis.

120 3483 208 3542 2368.
234 3481 319 3542 Hane
333 3479 401 3542 fidei
418 3479 633 3561 professionem
648 3477 685 3540 de
702 3495 778 3539 novo
801 3475 901 3538 faeere
914 3479 1055 3539 tenentur

82 3570 130 3652 qui
143 3571 207 3646 jam
223 3570 254 3630 in
273 3571 462 3650 promotione
481 3569 518 3631 ad
532 3569 660 3630 alterum
675 3565 856 3628 beneticium
867 3583 933 3626 eam
950 3568 1056 3626 emise-

82 3665 158 3720 rant.
173 3657 385 3722 ltadeeisumit
395 3660 427 3721 S.
439 3658 588 3738 congreg.
600 3656 714 3720 concil.
726 3654 817 3718 refert
829 3654 950 3716 Garoias
962 3653 1055 3714 tier·
