2522 3992
194 219 254 284 elo
416 245 553 294 urrunnu
572 247 672 295 renus
691 247 774 294 runis
795 247 942 296 ornemur.

196 342 257 406 sire
279 341 384 424 legetis
402 349 456 406 eut
477 344 718 406 successionibus
741 345 813 425 ipsis
836 343 1105 426 obvenientibus,
1132 348 1199 410 sire

197 432 387 495 mercedibus
407 432 479 515 ipsis
498 431 605 494 debilis
619 449 655 496 ex
673 433 786 511 justitie
800 480 807 510 ,
823 433 893 514 quin
907 433 975 496 lraee
987 437 1198 498 monasterio

198 523 404 602 acquirunlur.
423 522 516 583 Secus
529 520 567 582 de
582 521 759 584 muneribus
769 540 777 582 z
789 523 860 604 quie
870 529 974 584 velum
988 525 1196 604 paupertatis

200 627 260 670 nen
280 610 393 690 obligat
416 609 453 671 ed
474 608 690 690 acquirendum
712 611 913 672 monuslerio:
929 609 1003 672 binc
1024 611 1193 674 volentem

199 696 270 760 dore
290 707 413 762 centum
433 699 486 760 tibi
505 697 644 778 religioso
658 698 736 761 bene
755 703 840 782 poles
862 717 969 780 rogere
991 704 1030 762 ul
1054 700 1116 763 det
1140 711 1193 762 luo

200 788 425 869 consanguineo
437 787 483 850 uel
498 787 595 850 amico
612 807 621 864 3
637 794 768 850 etlumen
783 787 836 850 etsi
851 794 955 849 contre
968 794 1082 851 votum
1112 809 1191 870 peu

200 877 321 957 perlatis
343 894 404 938 non
423 883 560 958 peccaret
578 875 669 957 isqui
690 876 854 958 denegaret
875 893 1004 938 munere
1020 877 1095 939 sine
1107 879 1191 958 just-l

195 968 302 1039 coust,
317 971 455 1046 peccaret
468 972 569 1028 temen
584 963 870 1028 contrechuriletem
885 983 957 1046 erge
969 975 1189 1045 conventum,

201 1053 224 1114 si
238 1053 292 1114 iste
306 1053 464 1134 indigeret.
476 1054 551 1116 Vide
565 1057 596 1117 S.
608 1055 743 1135 Lignum,
755 1055 806 1117 lib.
822 1059 860 1132 l,
876 1063 909 1116 n⁰
923 1057 972 1116 ΞΟ.

241 1145 330 1204 2775.
354 1144 474 1214 Ouaerit.
492 1147 523 1206 6⁰
538 1147 585 1204 An
598 1143 786 1225 regularibus
801 1143 974 1206 solemniter
987 1141 1144 1226 professis
1157 1145 1189 1205 li·

201 1238 267 1292 oeot
278 1236 489 1294 testamentum
503 1231 658 1294 conderet

242 1321 332 1401 Resp.
355 1322 512 1401 Negotium,
528 1321 617 1383 etium
641 1321 773 1403 propiis
796 1319 894 1384 causis
913 1327 942 1382 el
960 1337 1035 1383 curn
1059 1321 1186 1384 licentii

203 1408 318 1470 Praeluii
338 1427 392 1473 seu
410 1409 598 1491 Superioris:
623 1428 723 1491 neque
744 1417 870 1491 possunt
884 1415 1107 1471 testamentum
1124 1413 1186 1472 ese

203 1503 273 1560 ente
286 1498 503 1579 professionem
520 1497 677 1561 eonditum
699 1498 855 1560 moderere
875 1516 929 1578 per
948 1495 1029 1560 rium
1050 1499 1186 1562 deelarr

204 1587 311 1649 tionis·
326 1595 453 1670 possunt
464 1595 565 1650 lemen
580 1587 766 1669 interpretari
781 1593 810 1648 et
820 1585 989 1664 declarare,
1005 1586 1030 1647 si
1046 1586 1184 1649 declara·

203 1674 1180 1758 noneerinium-erationeindigeneviderenans(ruopertum,

204 1772 259 1828 art.
277 1769 305 1841 l,
322 1765 363 1826 η’·
377 1769 484 1842 tiu-663
501 1771 531 1828 et
541 1775 572 1827 v⁰
590 1764 816 1838 Testamentum,
829 1769 884 1825 ert.
902 1767 940 1840 3,
954 1769 1067 1837 n03'l).

244 1859 332 1918 2776.
357 1857 421 1917 Duo
448 1873 535 1916 cesus
555 1854 769 1934 excipiuntur:
788 1857 818 1915 l⁰
832 1852 862 1914 Si
879 1851 1098 1933 paterfamilias
1113 1855 1182 1918 omi

204 1944 275 2005 serit
288 1950 356 2004 ente
370 1943 587 2024 professionem
600 1942 759 2024 disponere
774 1941 908 2002 debonis
918 1942 980 2004 suis
992 1989 1001 2020 ,
1017 1951 1122 2024 potest
1137 1945 1181 2005 ille

205 2031 382 2093 distribuere
397 2033 475 2092 inter
488 2032 566 2093 lilios
579 2038 646 2114 post
659 2030 874 2112 professionem
887 2049 894 2104 ;
910 2029 969 2092 hoo
986 2049 1064 2094 essu
1078 2051 1180 2114 excep

206 2126 246 2196 to,
258 2121 282 2181 si
298 2120 426 2181 novitius
434 2120 534 2180 testari
549 2121 665 2181 omittet
673 2126 742 2180 anie
750 2118 983 2196 Prolessionem,
995 2119 1095 2201 ipsius
1104 2119 1181 2183 bons

205 2215 235 2270 et
254 2210 322 2286 jure
345 2214 499 2270 transeunt
517 2208 557 2269 ad
569 2208 785 2270 monesterium
808 2205 831 2269 si
846 2225 941 2288 capax
954 2207 994 2270 sit
1006 2207 1179 2284 bonorum;

206 2314 308 2375 seem,
323 2294 361 2373 ad
383 2297 624 2378 consanguineos
637 2296 770 2359 baeredes
788 2295 826 2358 ub
845 2295 993 2360 intestato.
1015 2299 1179 2376 (Ferreus.

206 2395 235 2450 v⁰
254 2386 480 2460 Testamentum,
492 2392 547 2448 art.
559 2389 577 2448 3
589 2433 597 2462 ‚
607 2395 639 2448 n⁰
654 2390 717 2465 ll.)

246 2479 334 2539 2777.
350 2509 390 2524 -
409 2479 442 2538 2⁰
463 2473 631 2557 Religiosus
644 2476 796 2556 professus
810 2475 889 2538 liene
910 2482 940 2540 et
962 2474 1061 2539 relide
1087 2481 1181 2558 potest

206 2573 418 2630 leslementum
430 2563 560 2627 condere
574 2581 612 2626 ex
624 2563 744 2626 licenlit
758 2565 789 2627 S.
805 2563 970 2628 Pontificio.
981 2563 1061 2628 Vide
1076 2567 1179 2640 Bouix,

208 2655 252 2718 De
265 2655 418 2739 depellor..
432 2659 506 2716 lom.
522 2657 558 2730 2,
573 2671 604 2735 p.
616 2656 685 2716 558.

248 2747 278 2808 Si
293 2745 449 2826 religiosus
462 2745 479 2804 ir
494 2742 653 2824 Superiore
667 2741 818 2806 licentiam
832 2749 912 2826 petel
924 2741 1039 2826 aliquid
1049 2742 1177 2805 donandi

209 2840 273 2916 post
288 2841 416 2895 mortem
427 2879 435 2909 ‚
447 2838 477 2894 ct
487 2833 511 2893 is
521 2831 673 2913 promittet
682 2834 789 2914 exequi
800 2882 808 2910 ,
819 2829 1094 2896 teneturPraelulus
1107 2841 1178 2894 sture

210 2921 375 3003 premissis,
393 2920 434 2994 (S.
451 2921 586 3001 liguum,
601 2918 654 2981 lib.
670 2925 755 2997 d,n⁰
769 2923 832 2998 2⁹2.)

249 3012 338 3071 2778.
363 3007 466 3079 Ouoed
480 3007 632 3088 regulares
646 3008 697 3090 qui
712 3010 860 3091 simplicia
872 3008 1018 3071 dunlnxet
1027 3015 1096 3073 rote
1109 3011 1177 3073 emi-

210 3103 334 3174 serunt,
357 3095 382 3158 si
408 3095 577 3158 dominium
606 3097 754 3160 directum
782 3115 907 3160 suorum
934 3097 1089 3161 bonorum
1114 3101 1177 3162 reli·

211 3193 318 3261 neunt,
337 3183 436 3245 illicite
450 3183 585 3264 quidem,
600 3203 654 3267 per
667 3193 844 3248 testamenta
858 3185 995 3249 antelios
1007 3187 1131 3264 modos,
1144 3188 1175 3250 de

211 3276 273 3338 suis
289 3273 376 3336 bonis
389 3273 501 3355 absque
516 3273 684 3355 Superioris
696 3273 1101 3356 lieenbbdispenercnt‚sed
1111 3277 1177 3338 nibi-

212 3364 344 3426 lominus
357 3359 452 3424 vnlidb
463 3362 548 3441 juxta
568 3363 742 3425 Suurezium
763 3369 867 3424 conire
887 3361 1016 3439 Melino,
1031 3367 1105 3426 ciue
1126 3365 1177 3428 sint

212 3449 410 3532 proprietarii,
426 3457 455 3512 et
468 3451 486 3509 b
501 3447 583 3509 nullo
595 3450 663 3527 jure
677 3450 848 3530 hujusmodi
859 3449 1072 3532 dispositiones
1086 3455 1176 3515 inreii

212 3538 331 3600 dentur.
344 3536 504 3600 lrrilubiles
518 3541 619 3598 tumen
630 3555 695 3600 esse
709 3538 848 3602 videntur
860 3537 1033 3619 huiusmodi
1047 3540 1176 3606 donabo

214 3643 268 3686 nes
280 3671 289 3698 ‚
303 3623 435 3705 eoquod
448 3639 556 3686 omncs
571 3624 740 3704 regulares.
752 3626 843 3688 etism
855 3633 922 3689 rota
935 3626 1084 3712 simplicio
1096 3633 1176 3692 emit·
