2522 3992
458 237 546 288 urana
566 236 685 285 ramus.
998 217 1053 282 sol

91 340 173 417 tario,
185 359 247 402 non
260 339 332 401 verb
344 337 484 418 religioso
492 339 703 418 acquiruntur.
715 333 791 393 Clam
800 335 901 394 aulem
915 333 1056 398 edoneil.

91 428 220 490 Trident.
233 427 416 509 prohibitum
427 425 465 486 sit
474 443 513 488 ne
524 422 678 506 superllua
686 421 1056 504 religiosisconcedanlur‚

93 513 561 578 necessariaestS.Sedislicentia
569 511 691 593 quando
698 509 841 590 agiturde
848 511 988 574 censibus
996 513 1060 594 pin·

92 605 198 686 guibus
211 603 438 668 constituendis.
463 601 539 664 Vide
552 600 700 679 Ferreus,
715 607 746 662 v·
769 598 932 680 Moniules,
947 607 1002 663 art.
1018 607 1057 681 2,

94 705 127 755 n⁰
140 697 189 757 80.

131 787 219 845 ator.
242 781 314 846 Sinb
327 781 446 845 licentid
462 783 493 844 S.
513 777 760 861 congregauonis
773 778 920 843 moniales
932 785 962 842 el
975 800 1062 862 regu·

93 871 169 934 lares
182 877 337 952 nequeunt
346 870 453 933 cedere
467 870 564 932 livella
577 868 639 930 suis
653 867 887 948 consanguineis
901 871 1060 949 (Ferreus,

94 959 147 1037 id,
171 970 205 1022 ηο
227 963 294 1040 72);
320 961 391 1040 ipsis
409 965 511 1021 tamen
532 962 659 1040 possunt
678 955 786 1018 cedere
806 954 920 1020 inactus
943 957 1063 1022 illorum

96 1067 163 1112 cum
177 1049 367 1130 superiorum
386 1067 557 1124 consensu,
582 1045 673 1108 modo
686 1045 725 1107 ad
747 1063 890 1127 magnam
912 1065 1061 1110 summam

97 1156 156 1201 non
179 1137 369 1220 pertingant;
395 1137 467 1200 alibs
491 1136 644 1198 obstarent
668 1137 793 1197 Decreta
813 1134 975 1198 Clementis
998 1139 1061 1200 Vlll

96 1234 125 1290 el
137 1225 248 1291 Urbani
268 1227 332 1288 lllll
346 1226 385 1287 de
399 1225 557 1306 largitione
571 1241 745 1286 munerum.
764 1225 828 1286 lmd
842 1243 897 1305 pro
910 1225 1063 1289 condona-

96 1315 176 1382 tione
202 1315 355 1377 fructuum
380 1314 552 1396 futurorum
582 1331 724 1374 ancoram
750 1312 912 1394 requiritur
946 1315 1065 1378 licentia

97 1406 128 1468 S.
144 1403 238 1467 Sedis.
255 1403 405 1480 Ferreus,
420 1402 475 1477 ib..
492 1401 534 1464 nl·
547 1405 606 1478 73,
621 1406 671 1478 74,
682 1400 778 1462 addit.
795 1410 828 1462 n⁰
842 1405 891 1464 te.

136 1497 224 1556 2763.
247 1493 391 1574 Legatum
406 1491 495 1555 alicui
513 1485 643 1572 regulari
667 1489 805 1552 relictum
823 1490 880 1552 sub
893 1490 1066 1556 conditione

100 1581 180 1664 quod
194 1581 230 1643 ad
245 1582 362 1663 ipsum,
381 1580 592 1655 ducentenis,
607 1578 785 1662 pertinebit,
798 1578 1036 1661 independenter
1049 1585 1066 1644 a

100 1670 266 1753 Superioris
282 1670 415 1747 licentii,
432 1668 615 1732 monasterio
629 1667 810 1749 acquiritur,
831 1667 949 1732 etdicts
962 1670 1067 1732 condi-

99 1759 142 1822 tio
156 1779 210 1840 pro
225 1775 285 1822 non
300 1759 414 1838 adjecld
426 1758 562 1821 habetur.
580 1757 730 1832 Ferreus,
746 1755 801 1832 ib,
817 1767 852 1817 n⁰
864 1759 914 1820 83.

139 1852 227 1910 utcu.
251 1846 377 1920 Quando
397 1847 528 1927 religiosi
549 1845 587 1908 ad
605 1845 688 1906 aliud
710 1846 944 1924 monasterium,
964 1848 1010 1912 vel
1030 1848 1068 1912 ad

99 1937 187 2000 aliam
202 1935 390 2018 Religionem
406 1941 581 2008 transeunt,
606 1933 741 2016 ipsorum
760 1935 920 2016 pensiones
940 1939 1069 2001 cumeis

99 2027 138 2088 ad
157 2045 268 2088 novum
283 2026 500 2086 monasterium
516 2023 562 2086 vel
577 2041 686 2086 novam
700 2023 886 2106 Religionem
901 2033 1066 2090 transeunt.

99 2117 143 2178 lla
155 2114 290 2177 decisum
304 2112 396 2176 refert
408 2112 527 2176 Gordiu.
546 2113 642 2188 Petra,
658 2130 707 2194 ap.
719 2113 755 2174 D.
770 2113 862 2176 Bouix
878 2115 933 2192 (De
948 2117 1067 2198 Bogud,

99 2210 174 2265 tem.
190 2207 226 2278 ἢ,
242 2222 273 2285 p.
296 2207 366 2280 552,
386 2204 467 2280 533).
490 2200 560 2263 vide
581 2201 660 2263 dicta
675 2195 764 2283 supra
784 2203 891 2282 (2739,
914 2207 1013 2287 utto).
1029 2240 1069 2254 -·

99 2291 390 2354 Contradicitaatem
405 2293 440 2352 a.
456 2289 494 2352 de
510 2291 551 2351 M.
569 2289 643 2352 Vide
657 2289 734 2352 infra
748 2291 862 2372 (3099).

142 2385 231 2443 2765.
254 2379 375 2453 Quaerit.
387 2381 418 2441 3⁰
434 2381 482 2440 dn
495 2383 526 2440 el
538 2385 688 2461 quatenus
701 2379 859 2461 religiosus
872 2381 985 2463 aliquid
998 2382 1070 2446 dare

98 2470 217 2532 valeat?

143 2561 231 2640 Resp.
241 2557 412 2620 Generatim
421 2555 589 2638 religiosus,
602 2557 716 2638 aliquid
725 2575 763 2620 ca
775 2558 866 2620 rebus
875 2559 930 2639 ipsi
940 2557 971 2620 in
980 2567 1070 2622 us'um

97 2648 253 2712 concessis
276 2646 307 2709 in
327 2645 419 2708 uliam
432 2663 522 2708 usum
540 2643 715 2726 expendens
737 2645 851 2727 absque
865 2646 1001 2724 licentii,
1020 2653 1071 2712 aul

98 2735 289 2816 culpabiliter
307 2736 447 2796 amittens
464 2741 515 2796 aut
532 2733 705 2811 destruens,
721 2741 824 2815 peccat
843 2743 947 2798 contra
969 2742 1070 2801 rotam

99 2825 305 2906 paupertatis:
320 2823 391 2904 quia
405 2840 458 2904 per
472 2821 643 2902 huJusmodi
654 2829 756 2886 votum
769 2841 859 2886 usum
873 2842 974 2887 rerum
988 2825 1070 2889 inde·

99 2911 285 2996 pendentem
298 2911 354 2973 sibi
368 2910 499 2974 abstulit.

143 3005 232 3063 2766.
249 2999 376 3072 Quidam
386 3017 474 3063 casus
491 2997 701 3081 excipiantur:
717 3003 749 3064 t·
757 3017 933 3066 succurrere
946 3011 1072 3085 possunt

97 3089 229 3174 pauperi
249 3091 361 3171 magns
386 3093 560 3170 paupertate
583 3087 747 3167 laboranti,
771 3089 894 3173 quando
916 3093 1013 3156 aditus
1033 3095 1071 3157 ad

97 3176 298 3260 Superiorem
312 3195 375 3240 non
388 3183 468 3260 patet
479 3197 488 3252 ;
499 3179 531 3238 2⁰
545 3175 589 3239 eis
602 3175 672 3240 licet
685 3176 853 3242 moderatas
866 3180 1072 3262 eleemosynas

95 3268 221 3344 facere,
236 3266 261 3328 si
274 3273 430 3328 versentur
444 3272 526 3328 extra
545 3272 727 3329 conventum
740 3285 809 3330 cum
823 3267 925 3330 debita
938 3269 1069 3346 licentiet3

94 3356 168 3424 imd
185 3353 348 3417 Bordonius
361 3353 404 3416 eis
417 3353 561 3435 permittit
577 3352 648 3418 dure
661 3357 842 3438 pauperibus
856 3356 969 3437 aliquid
982 3375 1072 3422 escu-

94 3444 179 3510 lenti
194 3443 317 3526 quando
330 3448 401 3506 sunt
413 3443 445 3504 in
458 3447 624 3521 conventu,
635 3444 706 3525 quia
719 3445 827 3509 meritb
841 3447 983 3508 Praelatus
996 3466 1073 3529 prae·

95 3533 235 3600 sumitur
251 3533 282 3595 in
304 3531 340 3596 iis
360 3532 544 3608 consentirs3
567 3535 599 3594 3⁰
618 3533 771 3596 oisellum
793 3534 974 3616 permittitur
994 3536 1073 3602 leves

95 3622 285 3687 donationes
298 3621 395 3686 lacere
408 3621 513 3684 amicis
529 3625 561 3683 et
572 3621 803 3735 conmuguineis
815 3622 847 3686 in
861 3624 982 3706 signum
997 3627 1073 3708 greti
