2534 3996
439 213 522 258 traua
544 211 661 257 narnus.
980 191 1039 254 359

69 303 118 366 sed
132 303 171 366 ad
184 304 346 368 hodiernos
356 303 520 388 Epismpos
535 324 596 368 non
614 303 731 370 videtur
742 323 831 389 posse
840 303 961 368 extendi
975 303 1041 369 haec

69 390 225 470 delegatio.
354 435 357 440 -

108 483 197 542 1311.
213 514 252 527 -
265 485 298 544 2⁰
308 481 338 544 Si
350 481 485 563 capitula
494 501 557 546 uon
571 483 701 546 habeant
714 481 874 564 praelatum
886 481 1041 546 lndullum

70 569 277 648 apostolicum,
293 569 348 632 etsi
363 571 855 651 parrusnumerusGanonicorum
869 573 963 653 possit
975 589 1041 634 esse

71 656 212 719 motivum
227 656 378 720 sufficiens
391 658 429 720 ad
450 659 523 721 illud
544 659 761 737 obtinendum,
781 659 918 742 quandiu
939 667 1042 722 lamen

72 762 132 805 non
146 743 234 807 luerit
245 745 422 824 obtentum,
436 747 553 811 ridetur
567 748 649 830 qudd
663 750 695 811 S.
712 747 805 811 Sedes
819 767 881 811 non
896 747 1042 830 approbet

71 831 319 898 consuetudinem
333 852 441 898 eorum
455 854 518 898 non
531 836 671 900 cantamdi
686 835 820 918 quotidie
833 837 957 899 missam
970 854 1042 900 con·

71 921 257 996 rentualem,
274 923 319 986 vel
334 923 438 985 saltem
452 924 534 986 illam
544 943 605 987 non
620 924 791 1007 applicandi
805 925 939 1006 quotidie
953 924 1042 988 benc·

71 1008 251 1073 lectoribus:
267 1011 395 1074 relertur
407 1013 559 1075 enimaD.
571 1015 716 1089 Garribre,
729 1013 916 1092 (Bolentia,
930 1022 963 1075 n⁰
974 1016 1042 1090 191)

71 1097 227 1179 responsio
241 1099 271 1162 S.
284 1099 317 1161 G.
332 1099 424 1162 Cone.
441 1100 479 1164 od
492 1101 676 1183 Episcopum
685 1100 906 1164 versellensem
916 1149 923 1174 ,
935 1102 967 1163 in
981 1104 1042 1182 qua
1134 1177 1137 1181 ι

71 1185 179 1250 dicitur
194 1206 203 1248 :
223 1207 239 1246 u
252 1186 335 1250 Illud
345 1189 465 1251 interim
478 1189 647 1254 curandum
660 1197 705 1252 est
718 1196 753 1252 ut
764 1208 833 1271 quar
848 1189 979 1272 quotidie
992 1207 1042 1251 ce·

72 1297 88 1334 a
111 1274 244 1338 lebralur
257 1277 349 1338 missa
361 1278 588 1356 conventualis,
606 1297 718 1360 seraper
735 1296 790 1359 pro
803 1277 1043 1340 benefactoribus

72 1385 88 1424 r
113 1364 298 1446 applicelur:
313 1364 382 1428 leur'e
394 1367 564 1428 enimonerr'
576 1367 673 1428 omniu
685 1365 826 1446 Capitale
835 1364 1007 1428 subduntur.
1023 1387 1039 1424 a

73 1452 186 1514 Eadem
201 1454 357 1534 responsio
378 1453 417 1517 ad
436 1456 635 1518 Cenomanos
653 1453 763 1517 dicitur
782 1453 882 1516 missa.
899 1453 974 1516 Vide
986 1452 1042 1516 Le-

75 1557 193 1622 quous.
210 1549 245 1604 n'
258 1545 329 1620 589,
344 1543 377 1604 in
389 1542 470 1606 notd.

115 1631 150 1692 ln
163 1630 277 1693 concil.
297 1631 497 1694 avenionensi
513 1635 606 1712 1919,
631 1634 675 1696 sic
687 1633 819 1715 legitur:
839 1631 957 1694 «Missa
969 1649 1044 1694 oon·

74 1739 91 1778 ι
114 1719 260 1780 rentualis
269 1718 398 1800 quotidie
407 1720 595 1795 celebranda,
611 1727 641 1784 et
653 1740 709 1803 pro
723 1719 962 1784 benefactoribus
975 1720 1046 1782 olfe-

75 1829 92 1866 »
116 1806 210 1869 renda
223 1807 312 1869 etium
332 1808 458 1890 ar'upulis
479 1809 598 1889 diaden,
626 1810 686 1871 nisi
707 1809 884 1892 dispensatio
909 1808 1045 1890 fueritd

74 1917 90 1956 ι
114 1895 447 1978 &Parmenonem
462 1920 478 1958 a

117 1987 206 2048 1318.
230 1986 351 2057 Quaerit.
366 1991 399 2048 d⁰
421 1990 469 2050 An
491 1987 634 2051 Canonici
652 1993 812 2052 teneantur
830 1986 973 2050 inservire
990 2004 1046 2068 pro

75 2075 209 2136 Diacono
216 2075 442 2154 elSubdiaeono
450 2077 650 2156 Dignitatibus
656 2085 684 2138 et
693 2074 1044 2156 earumCoadjutcribus‚

75 2163 250 2226 solemniter
264 2163 503 2226 celebrantibus?
512 2199 552 2212 -
562 2167 598 2225 El
611 2184 650 2227 an
663 2165 726 2228 rice
738 2165 848 2228 versa?

116 2254 205 2334 Resp.
225 2251 271 2314 nd
285 2251 343 2314 hoc
355 2251 450 2314 teneri
464 2253 645 2326 canonicos,
660 2254 749 2316 etiam
763 2253 969 2336 antiquiores,
983 2270 1046 2314 non

76 2339 213 2402 obstante
222 2339 371 2402 contraria
380 2341 692 2404 cousuetudineetlam
702 2341 933 2405 immemorabili
942 2388 949 2416 ‚
958 2347 1048 2423 prout

76 2429 187 2510 saepilrs
201 2428 361 2492 declaravit
373 2430 404 2492 S.
420 2430 478 2491 itit.
499 2429 717 2512 congregabo,
733 2449 844 2513 nempe
858 2431 889 2493 iu
905 2428 1046 2505 Clusino,

76 2521 118 2579 20
131 2535 197 2599 apr.
220 2521 312 2596 1661,
329 2519 360 2580 in
383 2518 543 2594 Sameram,
566 2523 586 2582 1
607 2519 705 2582 martii
721 2523 818 2597 1638,
842 2520 874 2580 in
897 2515 1048 2581 ll'urerdnd

76 2607 282 2686 Popanorum.
300 2611 338 2670 15
351 2608 470 2686 januar.
488 2610 584 2684 1698;
600 2613 631 2670 et
643 2609 740 2670 tenuit
752 2624 874 2690 quoque
888 2608 920 2670 S.
936 2607 1046 2685 Congo.

77 2695 172 2756 Cone.
188 2695 220 2757 in
235 2695 395 2774 Cosolcnsi,
410 2701 449 2760 18
459 2698 524 2777 jan.
541 2699 638 2774 1699;
653 2703 684 2759 et
696 2695 754 2758 hoc
767 2696 891 2778 quidem
905 2712 967 2757 nou
982 2701 1049 2768 ῑειιι·1

78 2785 144 2846 tirm
154 2783 185 2844 in
193 2785 433 2862 solemnioribus,
443 2785 495 2847 sed
503 2785 845 2868 etiamsingulisdiebus.
856 2785 931 2846 S.R.
939 2783 1048 2864 Gong„

80 2874 118 2932 11
136 2870 209 2934 lebr.
226 2877 318 2950 1811,
340 2893 389 2955 ap.
406 2874 549 2952 Gardell.‚
574 2882 607 2935 n⁰
621 2877 712 2937 1916.
734 2875 819 2935 Patet
835 2869 917 2954 quod
937 2870 1050 2934 decisio

78 2958 147 3022 baec
161 2979 222 3024 non
243 2962 387 3045 procedat
407 2962 464 3024 nisi
485 2961 585 3044 quoad
599 2961 706 3024 missas
727 2961 877 3024 solemnes
890 2961 921 3023 in
939 2959 1050 3042 quibus

80 3049 246 3130 requiritur
271 3052 424 3114 Diaconus
449 3059 481 3113 et
503 3049 721 3115 subdiaconus.
736 3048 890 3131 (Gardell,
917 3048 959 3112 η’·
979 3053 1049 3127 160,

79 3141 181 3216 1713,
198 3143 291 3212 1195,
309 3141 410 3218 1806.)

121 3229 212 3290 9319.
235 3227 292 3292 Ubi
307 3228 449 3291 Canonici
464 3227 553 3312 pauci
574 3233 644 3293 sunt
664 3245 806 3304 numero,
826 3226 968 3291 laudandi
982 3230 1053 3290 sunt

82 3314 226 3380 canonici
240 3317 265 3378 si
286 3316 397 3380 dictam
410 3319 548 3401 regulam
567 3325 705 3393 servent,
721 3336 784 3384 nou
802 3323 905 3380 lamen
924 3315 1051 3398 cogendi

82 3404 146 3486 gib„
164 3413 198 3466 n⁰
214 3407 318 3487 1911).

121 3493 196 3556 Item
211 3493 377 3557 Canonicos
386 3513 448 3558 non
461 3495 555 3558 teneri
566 3495 604 3558 ad
616 3494 839 3560 inserviendum
851 3513 908 3578 pro
920 3493 1053 3556 Diacono

80 3587 114 3646 et
127 3580 338 3662 subdiacono,
352 3583 405 3646 ubi
420 3601 527 3647 omnes
540 3583 714 3648 Praebendae
733 3592 804 3648 sunt
817 3581 1053 3664 presbyterales,
