2486 3984
420 271 506 318 unna
527 269 645 318 sarnus.
961 247 1013 310 lit

67 370 158 452 possit,
166 365 515 451 requiriturdispensatio
526 367 625 430 Sacrae
638 361 749 446 Congr.
759 361 862 445 llpisc.
871 360 1016 443 etliegul.

66 459 268 522 ltaAaolertc
258 477 337 537 Janr.
355 461 444 533 tana,
459 455 518 520 col.
535 459 624 519 ¹320.

101 547 228 628 «Liceat
242 545 338 630 (ergo)
356 546 524 628 Episcopo,
539 543 637 626 inquit
651 544 776 623 Gregor.
792 539 880 608 xv(
871 559 903 602 nr
918 541 1048 606 Const.

64 636 305 713 truculenti,
325 653 362 697 ex
380 633 547 698 rationabili
568 635 670 708 causa,
688 631 858 731 superiores
872 629 1022 710 regulares

64 747 76 786 r
95 725 251 788 admonere
265 732 299 788 ut
311 723 459 802 eiusmodi
474 721 661 784 consessores
671 719 733 796 (al
727 719 798 798 rpsis
807 718 928 794 electos)
938 735 1022 780 anro-

64 824 194 884 r'.reant
211 814 307 896 iisque
321 811 526 893 superioribus
547 809 577 871 id
598 811 695 872 lacere
719 806 953 870 detrectantibus
972 813 1023 868 aut

64 903 323 986 negligentibus,
347 900 456 962 habeat
477 900 644 982 Episcopus
666 898 838 961 facultatem
865 895 1023 978 praedictns

65 1015 78 1054 r
98 991 276 1055 consessores
289 988 447 1052 amovendi
462 988 580 1070 quoties
593 994 623 1049 ct
636 985 758 1070 quando
771 1003 849 1068 opus
865 1002 931 1047 esse
946 983 1024 1064 judi·

65 1085 208 1144 iurent.
225 1103 240 1140 o

98 1171 150 1232 Pro
163 1169 218 1234 bic
233 1170 337 1231 nostrd
349 1167 507 1229 Provincia
522 1166 735 1244 Asenicnensi,
749 1163 879 1229 dicitur
872 1181 903 1224 rn
917 1161 1023 1225 ultimo

65 1257 181 1320 Concilio
196 1257 374 1320 Provinciali
390 1257 461 1318 anni
478 1259 555 1318 1849
570 1259 611 1337 (p.
631 1258 703 1333 88):
723 1255 789 1317 «δι’
802 1251 944 1315 commode
955 1251 1025 1333 fierr'

64 1369 77 1404 r
95 1357 190 1426 protest.
202 1347 376 1410 ordinarius
385 1344 586 1407 confessarius
596 1341 853 1422 (monialium),ad
861 1341 1024 1404 triennium

64 1457 77 1492 s
97 1440 205 1498 tantinn
220 1435 405 1518 approbetur
419 1452 474 1515 pro
487 1432 595 1496 eodem
609 1433 806 1510 monasterio,
822 1430 927 1492 saltem
941 1429 1022 1492 clau-

63 1545 76 1580 r
96 1543 168 1588 sune
181 1525 331 1606 subjecto.
354 1543 370 1581 o

98 1617 179 1676 1593.
202 1615 238 1675 ll.
252 1611 397 1694 Specialis
407 1611 497 1674 etiam
507 1611 670 1692 requiritur
683 1610 859 1691 approbatio
873 1626 929 1690 pro
942 1607 1026 1669 abso

62 1701 163 1764 latione
176 1719 305 1766 cauum
324 1701 370 1762 vel
393 1718 591 1762 censurarum
613 1707 850 1771 reseratorum,
865 1696 1027 1778 dequibus

63 1793 235 1874 nuncpauld
250 1790 348 1854 insius
361 1787 572 1852 disserendum
589 1807 596 1849 :

235 1937 277 1982 na
298 1935 417 1982 casruos
437 1937 475 1981 nr
496 1921 635 1983 censuris
655 1936 846 1984 asservans.

96 2051 178 2111 issa.
204 2050 281 2111 Haec
302 2047 404 2110 statuit
430 2045 570 2128 Synudus
592 2047 767 2110 Tridentina
792 2048 872 2110 circa
899 2065 1026 2110 casuum

61 2139 285 2202 resen-adonem
309 2137 394 2214 (sess.
418 2141 468 2212 ll,
491 2153 558 2218 cap.
574 2139 608 2211 7)
626 2157 634 2196 :
654 2139 866 2218 «Magnopere
879 2136 917 2198 ad
931 2135 1026 2200 chris·

61 2245 73 2280 r
94 2227 162 2290 tiani
181 2225 290 2309 pupuli
309 2225 500 2306 disciplinam
519 2225 668 2306 pertinere
689 2227 741 2288 SS.
764 2225 901 2288 Patribus
918 2225 1027 2286 nostris

61 2335 73 2369 r
95 2315 187 2378 risunr
201 2323 259 2388 est,
271 2319 306 2376 ut
319 2314 467 2375 atrociora
480 2313 619 2394 quedam
634 2322 663 2376 et
677 2315 811 2394 grauiam
829 2313 994 2376 crimina...
1009 2315 1026 2375 a

61 2423 74 2458 a
95 2404 380 2466 Summisduntaxat
392 2399 602 2464 Sacerdotibus
612 2403 845 2466 absolverentur.
861 2403 948 2466 Unde
962 2421 1026 2464 rne-

62 2512 74 2546 r
96 2493 148 2554 r’itd
169 2491 335 2554 Pontifices
349 2491 487 2558 maximi.
504 2509 558 2572 pro
581 2495 721 2573 suprema
745 2500 889 2573 potestate
911 2491 967 2553 sibi
996 2492 1026 2552 in

63 2599 75 2632 s
97 2579 231 2643 universa
245 2581 382 2642 Ecclesia
394 2577 519 2649 tradita,
536 2597 641 2642 causas
655 2581 770 2661 aliquas
783 2581 947 2642 criminum
961 2595 1027 2658 gra-

62 2689 75 2722 r
95 2669 186 2732 riores
199 2687 258 2732 suo
272 2675 436 2749 potuerunt
446 2669 586 2748 peculiari
599 2669 715 2748 judicio
729 2686 892 2730 reservare.
908 2691 923 2726 o

95 2759 211 2820 Canone
226 2759 298 2820 verb
319 2757 345 2817 Il
358 2755 494 2834 ejusdem
515 2757 658 2818 sessionis
677 2757 721 2818 sic
734 2755 864 2817 delinit:
885 2758 944 2819 rSi
961 2759 1028 2841 quis

63 2865 75 2898 r
96 2843 200 2908 dixerit
213 2845 380 2928 Episcopus
390 2861 452 2905 non
461 2843 571 2907 habere
581 2846 633 2924 jus
646 2843 816 2907 reservandi
830 2845 887 2908 sibi
902 2863 1027 2911 casus...

63 2953 76 2986 s
97 2936 254 2998 anatbenra
267 2935 314 2996 sit.
330 2954 346 2992 a

98 3025 181 3086 1595.
203 3025 299 3086 Casus
319 3023 458 3085 reservati
477 3029 548 3086 sunt
565 3041 638 3105 ergo
658 3022 790 3106 quodum
807 3025 944 3106 prosim
966 3028 1027 3088 cri·

61 3125 133 3170 mana
148 3112 230 3173 circu
247 3131 369 3212 prorum
383 3111 769 3194 absolutioncmjurr'sdictr'o
785 3114 1027 3196 confessariorum

64 3193 231 3277 inferiorum
246 3200 452 3280 restrinyt'tur.

98 3287 283 3368 begulariter
304 3295 463 3370 peccatum
487 3307 549 3351 non
570 3287 698 3354 habetur
719 3298 753 3354 ut
773 3299 955 3354 reservatum
970 3291 1027 3354 nisi

65 3371 135 3434 sint
129 3394 159 3437 tn
173 3393 212 3438 eo
226 3376 364 3458 quedam
381 3377 586 3456 conditiones;
602 3377 691 3440 debet
712 3380 793 3441 enim
808 3397 873 3442 esse
886 3383 1020 3462 mutulo,

66 3471 373 3543 tricameratam,
387 3467 558 3548 completum
570 3513 578 3544 ‚
589 3467 607 3530 ἁ
617 3467 778 3549 puberibus
786 3470 978 3530 commissum.

101 3555 186 3614 1596.
196 3583 237 3597 -·
246 3557 276 3614 l⁰
285 3554 380 3616 Debet
392 3573 457 3617 esse
467 3555 614 3617 Mortale:
627 3556 657 3617 id
670 3565 785 3617 constat
794 3575 829 3618 ex
845 3556 1027 3616 verbistlun·

69 3638 111 3696 rib
123 3640 276 3702 Tridenbt
290 3643 436 3704 urccinrd
451 3642 584 3720 amdam
594 3649 625 3703 ct
641 3644 781 3719 uramara
800 3643 936 3700 meina.
957 3638 1030 3694 vida
