2522 4028
447 233 533 282 urna
553 235 671 282 antuus.
989 222 1048 286 ⁶213

68 335 176 398 culum
190 330 366 396 effundendi
376 331 500 396 calicem
510 379 519 412 ‚
529 340 618 416 prout
628 333 776 416 contingit
788 333 820 397 in
832 353 870 398 eo
878 337 930 418 qui
939 355 1049 402 manus

68 421 240 486 admodum
254 421 397 484 tremulas
407 421 512 499 habet;
524 422 595 485 item
608 425 698 487 tussis
707 425 760 507 qui
774 425 974 507 periculosam
985 427 1051 490 red·

69 513 161 576 deret
173 509 433 576 communionem.

113 606 191 666 ltem
205 601 379 682 irregularis
392 604 437 662 est
449 597 612 665 abstemius
627 602 678 682 qui
692 601 797 666 vinum
811 603 917 686 nequit
929 623 1049 669 sumere

71 689 133 753 nisi
147 707 220 753 curu
233 687 369 772 periculo
381 689 550 751 evomendi.
566 691 597 752 S.
615 689 749 772 Lignor„
766 689 817 753 lib.
833 695 949 772 Ι1109.

115 782 206 842 1865.
229 781 274 842 Ex
288 775 422 840 secundo
436 777 532 858 capite
546 775 724 860 irregulares
738 785 827 842 sunt:

116 873 149 931 1⁰
169 866 318 949 liquibus
336 865 421 928 deest
447 865 567 947 aliquod
589 868 761 932 membrum
783 869 866 951 (Cap.
890 871 1049 954 Presbyte-

73 977 157 1034 rum,
167 955 202 1019 de
215 955 314 1018 cleric.
327 955 426 1037 uqa),
439 971 549 1038 nempe
559 955 611 1036 qui
626 963 729 1019 carent
743 975 816 1019 naso
825 959 908 1041 (Gap.
917 960 1048 1042 penult·

75 1046 114 1108 dc
127 1065 205 1128 corp.
224 1044 350 1120 vitiat),
365 1042 412 1105 vel
424 1042 536 1106 habent
549 1044 639 1106 nimis
653 1044 1049 1124 deformem‚valdeden1is··

76 1151 148 1197 sum
162 1139 213 1196 aul
225 1133 421 1216 promissum.

117 1227 193 1286 ltem
206 1223 232 1286 si
245 1221 334 1285 alicui
349 1229 394 1284 est
406 1225 511 1284 erutus
520 1221 627 1284 oculus
640 1222 818 1287 sive-dexter
835 1226 896 1288 sive
912 1226 1048 1306 sinister,

76 1313 137 1375 nisi
152 1330 207 1394 per
223 1311 345 1374 oculum
358 1312 487 1372 vitreum
501 1317 656 1392 reparetur
668 1311 717 1374 illa
731 1311 922 1390 deformitas,
937 1321 970 1377 ul
985 1333 1050 1396 pro

77 1401 216 1464 babiliter
228 1399 334 1463 dicunt
346 1399 448 1481 plures
461 1405 597 1461 auctores
610 1401 627 1460 a
642 1401 675 1462 S⁰
689 1401 832 1482 liguorio
844 1403 946 1481 relati,
962 1403 1048 1482 ibid,

78 1504 112 1553 n⁰
121 1494 191 1567 ll03
207 1489 279 1552 item
293 1486 464 1568 irregularis
477 1493 522 1550 est
535 1488 587 1568 qui
601 1495 682 1552 carel
695 1489 854 1568 auriculis,
866 1491 922 1553 nisi
936 1492 1051 1574 capillis

78 1587 131 1642 aut
144 1575 301 1640 aliomodo
314 1574 448 1638 delectus
460 1575 636 1640 occultetur.
698 1651 700 1656 Δ

120 1669 210 1730 1866.
225 1699 265 1712 -·
279 1669 311 1726 2⁶
324 1661 444 1746 Leprosi
459 1681 518 1725 :ex
537 1681 603 1746 cap.
624 1663 686 1726 Tuo
698 1683 765 1740 nos,
781 1665 816 1728 de
828 1665 929 1729 cleric.
945 1679 1048 1749 oeqrot.

79 1757 111 1820 Si
128 1763 232 1818 tamen
253 1753 370 1817 abesset
386 1749 586 1824 scandalum,
610 1751 747 1834 leprosus
773 1759 875 1836 posset
900 1757 1051 1822 celebrare

80 1847 113 1906 in
133 1844 201 1906 loco
217 1841 340 1924 privato.
357 1840 407 1904 Sic
427 1840 536 1919 pariter
550 1840 727 1923 irregulares
748 1849 818 1906 sunt
840 1843 892 1924 qui
915 1845 1052 1909 laborant

79 1931 189 2006 morbo
203 1929 310 2014 gallico
323 1929 375 2011 qui
384 1927 456 1990 loris
469 1933 627 2010 appareal3
642 1937 694 1993 aut
707 1931 758 2014 qui
773 1931 885 1994 habent
897 1931 1003 1997 faciem
1013 1956 1051 2000 ex

79 2023 139 2084 ulio
160 2020 267 2082 morbo
288 2017 374 2081 valde
395 2017 594 2091 maculatam,
620 2025 673 2082 aut
689 2037 725 2082 ex
746 2023 939 2104 quicumque
961 2029 1050 2088 causa

78 2109 165 2172 valde
178 2106 386 2170 deformatam.
403 2105 434 2168 S.
445 2105 580 2188 Liguor„
596 2106 647 2169 lib.
664 2113 694 2185 7,
710 2119 744 2169 n⁰
757 2113 827 2172 lll.

121 2202 211 2260 1861.
226 2229 264 2243 -
278 2196 309 2258 3⁰
323 2193 501 2256 Monstruosi
509 2213 522 2257 .·
536 2201 625 2276 prout
637 2195 766 2258 habendi
781 2203 853 2262 sunt
865 2199 916 2280 qui
928 2199 1050 2280 gibbam

79 2287 166 2350 ualde
176 2301 331 2350 enormem
343 2282 471 2359 habent,
487 2282 527 2344 ita
539 2289 574 2346 ut
586 2293 736 2366 nequeant
749 2292 831 2350 recto
844 2290 941 2369 capite
955 2296 1047 2368 stare3

80 2374 231 2460 pygmaei,
253 2374 293 2436 ita
315 2372 420 2435 breves
441 2375 475 2434 ut
493 2371 532 2434 ad
549 2371 644 2435 risum
666 2381 822 2450 moveant,
842 2377 1007 2457 praesertim
1026 2380 1050 2442 si

80 2467 212 2529 habeant
224 2469 313 2546 caput
325 2459 411 2524 valde
425 2460 549 2541 ingens,
560 2461 605 2524 rel
619 2461 643 2524 si
659 2481 720 2525 non
734 2465 851 2544 possint
863 2464 985 2528 brachia
999 2485 1049 2529 ex-

83 2554 206 2617 tendere
218 2551 257 2615 ed
269 2551 369 2614 altaris
383 2549 592 2612 ministerium.
613 2551 687 2612 Item
701 2553 876 2634 AEtbiopes‚
893 2571 954 2614 non
971 2557 1051 2636 apud

82 2661 154 2706 suos
162 2641 214 2706 sed
228 2639 308 2722 apud
318 2657 384 2715 nos,
395 2637 531 2720 quamvis
543 2636 602 2700 boc
610 2637 649 2700 ab
658 2639 808 2719 aliquibus
818 2648 958 2720 uegetum
969 2643 1052 2706 color

82 2737 184 2794 summ
198 2728 372 2803 subfuscus,
386 2727 448 2789 sire
461 2726 574 2789 rubeus
588 2745 649 2787 non
664 2727 859 2806 irregularem
873 2727 971 2791 efficit.

124 2823 212 2882 1868.
235 2820 309 2880 ltem
322 2814 500 2897 irregulares
518 2819 589 2876 sunt
610 2812 844 2895 hermaphroditi
856 2862 864 2891 ,
878 2817 932 2878 etsi
956 2818 987 2880 in
1009 2820 1051 2882 eis

83 2907 243 2990 prevaleat
255 2924 344 2968 sexus
356 2903 459 2965 virilis.
475 2900 601 2974 Quidam
616 2903 741 2982 erigunt
757 2901 839 2984 qudd
857 2903 906 2967 ille
919 2904 1051 2971 delectus

83 2998 122 3059 sit
136 3003 244 3074 notus,
258 2993 392 3074 alioquin
413 3008 475 3054 non
496 2991 574 3072 parit
589 2991 848 3070 irregularitatem.
863 2993 938 3058 Vide
955 2997 986 3058 S.
1006 2997 1052 3059 Li-

83 3085 243 3166 guorium,
258 3083 312 3144 lib.
326 3083 488 3158 ‘1‚n·ttr.

125 3175 214 3236 1869.
230 3169 385 3235 Circabrec
394 3167 497 3230 omnia
510 3171 579 3229 nola
592 3167 673 3247 qudd
686 3169 712 3230 si
725 3167 767 3232 illi
775 3168 908 3233 delectus
916 3171 1051 3236 accidant

84 3270 154 3325 ante
177 3259 379 3346 receptionem
396 3255 557 3330 ordinum,
579 3255 773 3336 irregularem
802 3258 932 3321 reddunt
951 3261 1051 3341 quoad

84 3367 194 3412 omnes
212 3347 333 3410 ordines
351 3343 556 3426 recipiendos;
572 3345 642 3424 quia
661 3363 732 3408 cum
752 3363 859 3410 omnes
871 3346 991 3410 ordines
1004 3368 1051 3412 sa-

85 3437 253 3502 cerdotium
262 3434 440 3517 respiciant,
456 3432 593 3496 exclusus
606 3435 624 3493 a
637 3434 818 3510 sacerdotio,
833 3434 871 3498 ab
884 3436 949 3498 aliis
962 3439 1052 3502 etiam

86 3525 244 3590 ordinibus
257 3523 420 3606 repellitur.
433 3521 462 3583 Si
476 3522 546 3582 verb
555 3519 596 3581 illi
605 3520 739 3585 delectus
752 3524 961 3605 superveniant
974 3526 1053 3587 ordi·

88 3615 177 3680 nibus
190 3615 349 3702 susceptis,
367 3607 505 3672 sacerdos
525 3625 586 3669 non
600 3609 760 3692 impeditur
771 3628 910 3672 exercere
923 3611 990 3672 illos
1001 3629 1050 3675 or·
