2550 3992
189 297 249 363 oss
415 313 554 362 uenuste
574 312 679 360 sortus
699 311 781 361 susis
795 311 948 363 canorum.
1181 317 1198 402 p

192 452 250 519 pro
278 431 331 498 SS.
365 431 548 509 Ordinibus,
578 431 627 496 vei
663 432 967 514 quomodocumque
994 433 1036 497 ad
1072 451 1178 500 sacros

192 524 325 590 Ordines
344 525 492 586 eiumnos
516 539 702 603 promovere
724 521 818 586 titulo
842 523 956 586 ttcnsae
983 527 1176 601 communis,

191 619 239 678 vei
256 613 422 687 diminuis,
434 615 492 675 rnsi
506 613 568 674 tttts
581 621 703 675 tantum
719 612 861 674 alumnis
886 612 941 692 qui
958 624 1029 690 vota
1044 613 1176 694 quidem

191 701 426 784 simplieie,sed
449 715 598 783 perpetua
619 702 685 781 jem
700 702 876 777 emiserint,
891 711 926 764 et
955 703 1085 782 proprio
1114 703 1180 766 ins·

192 795 286 858 tituto
309 791 462 854 stabintsr
487 791 644 872 aggregati
672 789 788 853 tuerint
805 807 814 865 ;
832 787 881 854 vei
903 791 959 870 qui
988 795 1103 853 saitem
1126 811 1179 874 per

192 881 365 944 triennium
389 879 620 960 permanserint
644 879 678 940 in
704 881 784 942 votis
817 878 1026 960 simplicibus
1054 889 1179 963 tempo·

193 972 297 1036 reneis
311 968 415 1050 quoad
437 989 473 1031 ee
489 969 637 1031 Instituta
659 987 731 1050 que
760 969 843 1031 nitra
869 969 1048 1032 trienninm
1076 987 1180 1050 perpe

192 1058 439 1124 tuamditierunt
450 1059 685 1139 professionem.
698 1058 861 1122 Revooetis
876 1059 915 1120 ad
930 1057 1018 1122 buno
1028 1060 1180 1122 effectum

193 1150 343 1214 omnibus
355 1146 483 1220 induitis
500 1166 537 1209 ao
554 1148 727 1229 privilegiis
745 1148 813 1228 jans
831 1147 970 1210 obtentis
996 1148 1063 1212 aS.
1089 1149 1179 1226 sess,

194 1257 253 1301 nec
269 1254 331 1298 non
351 1236 609 1317 dispositionibus
634 1238 801 1300 contrariis
820 1237 853 1298 in
871 1239 1056 1320 respectivis
1081 1237 1180 1302 Gona-

197 1326 397 1390 titntionibus
417 1327 584 1402 contentis,
602 1327 660 1388 etsi
686 1325 762 1388 tales
778 1323 1033 1390 constitutiones
1064 1329 1181 1392 inerint

196 1415 254 1480 eS.
271 1416 350 1480 Sede
366 1415 546 1498 Apostolioa
562 1417 759 1498 approbette.

235 1504 272 1568 ii.
289 1503 368 1568 Hine
383 1515 493 1568 notum
507 1505 546 1566 sit
560 1514 685 1585 oportet
700 1505 740 1568 de
759 1504 905 1586 generali
919 1504 1028 1584 reguis
1043 1505 1132 1570 haud
1150 1510 1179 1570 in

195 1606 355 1680 posterum
370 1593 586 1673 dispensatum
600 1595 649 1669 iri,
668 1608 700 1656 nt
728 1595 769 1657 ad
785 1593 922 1670 Maiores
935 1591 1069 1659 Ordines
1083 1595 1182 1660 alum

196 1705 259 1750 nus
285 1683 540 1765 congregationis
559 1695 706 1747 votorum
723 1683 925 1747 solemnium
947 1698 1182 1765 promoveatur,

197 1779 275 1859 quin
299 1775 386 1856 prius
410 1773 583 1836 solemnem
614 1773 845 1854 professionem
876 1775 1027 1849 emises-it,
1050 1775 1101 1836 vei
1130 1794 1183 1855 per

197 1867 353 1947 integrum
369 1861 546 1924 triennium
561 1861 592 1922 in
607 1862 687 1923 votis
699 1862 903 1942 simpiioibus
924 1866 1180 1944 perseveraverit,

199 1956 223 2016 si
239 1957 387 2015 ainmnns
401 1949 547 2014 instituto
581 1961 726 2013 votorum
745 1951 940 2031 simplicium
962 1953 1003 2014 sit
1024 1953 1179 2020 addictus.

197 2079 236 2092 -
250 2041 338 2118 Quod
353 2041 377 2104 si
402 2042 561 2103 intentum
576 2058 669 2103 censa
685 2041 1004 2118 legitima'ocourrat
1024 2061 1083 2104 cur
1098 2047 1182 2127 spuis-

197 2135 283 2216 piem
310 2131 420 2195 Sacros
443 2128 581 2192 Ordines
609 2129 762 2210 suscipiat
790 2129 927 2192 triennio
955 2131 1096 2211 expleto,
1121 2136 1183 2216 peti

198 2219 311 2303 poterit
325 2219 366 2281 ab
379 2218 559 2297 Apostoiioe
581 2219 660 2282 Sede
674 2217 878 2301 dispensatio,
898 2229 932 2282 nt
947 2221 1089 2284 ciericos
1112 2237 1183 2287 vota

199 2311 354 2372 solemnia
386 2326 571 2388 nuncupare
599 2309 709 2390 possit,
741 2309 888 2391 quamvis
918 2327 983 2373 non
1010 2313 1185 2392 expleverit

198 2397 381 2474 triennium,
402 2397 506 2479 quoad
529 2398 679 2460 instituta
703 2417 778 2461 sero
801 2409 947 2462 votorum
971 2401 1182 2482 simplicium,

200 2501 233 2551 ut
246 2497 317 2551 vota
335 2487 489 2570 simpiieia
508 2494 658 2569 perpetua
673 2489 819 2550 emittere
835 2489 936 2568 possit
952 2493 1102 2570 quamvis
1120 2511 1184 2556 non

199 2578 324 2661 expleto
339 2586 481 2658 tempore
505 2596 523 2639 a
546 2577 712 2656 respectivi
731 2578 867 2642 instituti
893 2578 1185 2644 Constitutionibus

200 2667 381 2751 praescripto
397 2686 452 2750 pro
469 2664 665 2748 professione
680 2675 825 2731 votorum
842 2668 1040 2749 simplicium
1066 2689 1183 2754 perpe·

199 2769 342 2819 tuorum.

238 2845 290 2908 ΙΙΙ.
314 2845 540 2928 Dispositiones
561 2853 718 2908 contente
734 2845 767 2908 in
789 2845 918 2911 decreto
940 2847 973 2910 S.
990 2845 1024 2912 G.
1048 2847 1186 2913 Coneiiii

198 2935 287 3016 jussu
300 2953 345 2996 sa.
361 2951 422 2996 me.
446 2931 565 2996 Urbani
578 2933 646 2996 Viii
659 2937 743 2998 edito
759 2933 810 2997 die
829 2933 866 2997 at
889 2933 1092 3019 Septembris
1108 2941 1187 3000 iti-ss

201 3025 349 3105 insipien.
378 3022 472 3088 Sacro
518 3021 729 3106 Conprepntio,
756 3044 793 3087 ec
819 3025 851 3086 in
883 3025 1011 3090 decreto
1041 3027 1187 3108 eiusdem

200 3115 235 3179 S.
254 3113 287 3178 C.
302 3113 390 3195 jussu
407 3133 451 3174 ss.
471 3132 529 3175 me.
557 3113 733 3175 innocentii
757 3111 811 3175 xit
837 3113 987 3178 editodie
1011 3115 1049 3178 24
1081 3136 1185 3180 mens.

199 3205 274 3267 iniii
290 3205 365 3266 anni
383 3202 631 3284 iOO's.incipien.
652 3203 852 3276 laetantibus,
867 3221 903 3265 eu
919 3205 951 3266 in
968 3206 1041 3267 aliis
1053 3204 1188 3268 decretis

200 3293 409 3376 genereiibns,
427 3293 543 3372 crnibus
559 3292 730 3356 methodus
742 3292 939 3355 ordinatura
953 3291 995 3354 Su
1010 3293 1189 3375 perioribus

200 3382 354 3444 Ordinem
370 3381 571 3460 Regularium
597 3383 751 3444 servande
766 3382 798 3443 in
823 3381 1027 3462 expoliendis
1050 3385 1189 3463 propriis

200 3471 349 3544 alumnis,
368 3471 485 3532 nedum
502 3471 534 3532 in
561 3489 619 3532 suo
643 3471 757 3534 i'Obtt'e
781 3481 926 3544 manent,
944 3475 997 3533 sed
1023 3473 1188 3535 servanda

201 3560 412 3638 imponuntur
427 3559 521 3620 etiam
545 3557 775 3638 Superioribus
800 3561 1022 3622 institutorum
1039 3571 1188 3622 votorum

202 3645 407 3724 simplicium,
423 3647 546 3726 quoties
560 3658 672 3727 egetur
686 3649 728 3712 de
743 3649 855 3732 aliquo
870 3649 1001 3712 alumno
1016 3659 1090 3712 vote
1107 3651 1187 3711 sim·
