2528 3996
208 287 265 347 tau
424 293 562 344 utuntur
581 291 685 341 rorms
704 289 786 338 mats
805 287 955 336 canorum.

622 461 704 526 ΛΒΤ.
720 459 769 528 ΙΙΙ.

423 607 462 654 nr
480 603 577 654 ttrcts
596 604 633 650 ur
653 602 793 650 euasurus
813 599 970 651 curtum.

249 760 340 822 atat.
356 757 476 820 Certum
491 758 555 830 est,
571 755 602 812 et
617 749 655 814 ab
668 747 810 812 omnibus
822 748 886 810 Dll.
903 746 1061 812 catholicis
1075 746 1180 812 admis-

212 865 295 919 tum,
318 845 472 908 hominem
487 845 505 908 a
523 843 586 903 lleo
605 837 896 902 tutsscdestinatum
918 836 956 900 ad
977 837 1185 901 viventemin

212 938 352 1000 societate
367 955 376 1007 ς
392 933 422 995 id
436 937 552 996 constat
565 947 626 992 non
637 929 753 991 matina
764 928 919 1010 Scriptura
933 928 1047 1004 Sacra,
1063 926 1118 990 sed
1137 946 1185 989 na·

212 1029 280 1088 turtl
294 1025 357 1105 ipsa
368 1021 525 1082 hominum
542 1037 550 1080 r
567 1018 628 1079 sive
641 1017 724 1079 enim
735 1015 1187 1098 rationecorporissivcratione

214 1113 323 1176 anima
337 1109 565 1172 considerentur
573 1106 721 1174 homines,
736 1104 892 1170 manifeste
904 1113 1030 1187 apparet
1044 1107 1129 1187 quod
1138 1105 1188 1167 irc-

214 1199 411 1280 quentissime
425 1215 460 1259 ac
472 1196 616 1260 continue
628 1194 757 1258 aliorum
770 1195 921 1256 consortio
935 1199 965 1256 et
977 1193 1133 1274 adjutorio
1146 1195 1188 1256 iu-

214 1286 353 1368 digeant:
369 1304 424 1368 pro
436 1287 544 1348 vestitu
558 1302 680 1365 nempe,
692 1301 748 1367 pro
761 1283 852 1358 victu,
863 1301 918 1365 pro
924 1281 1126 1360 habitatione,
1139 1301 1188 1364 pro

216 1376 392 1439 morborum
406 1375 572 1449 curatione,
586 1391 641 1454 pro
655 1372 843 1435 itineratione
856 1379 886 1434 et
900 1389 954 1454 pro
967 1373 1122 1434 sexcentis
1131 1371 1190 1434 aliis

217 1464 444 1528 necessitatibus
456 1462 494 1526 ad
508 1480 579 1525 suos
592 1461 765 1524 consimiles
774 1479 931 1524 recursum
937 1458 1052 1522 habere
1065 1460 1188 1534 debent;

218 1553 288 1616 item
303 1571 359 1634 pro
371 1550 560 1614 addiscendis
573 1551 726 1626 scientiis,
746 1549 791 1612 vel
814 1549 938 1612 historia
956 1547 1109 1612 factorum
1123 1567 1192 1632 pra

217 1642 374 1704 teritorum
387 1638 603 1712 conservanda,
621 1657 675 1722 pro
684 1637 809 1700 tuitione
823 1656 948 1700 suorum
959 1637 1078 1718 iuriam
1090 1647 1192 1700 contra

219 1730 345 1809 injustos
359 1731 531 1806 invasores,
552 1746 608 1809 pro
629 1725 768 1790 ducenda
788 1725 950 1807 tranquilla
968 1728 1050 1801 vita,
1074 1735 1105 1788 et
1122 1745 1191 1809 paor

220 1817 384 1892 servandi,
400 1826 472 1896 etc,
487 1813 545 1879 etc.
562 1817 747 1898 Quapropter
761 1818 779 1878 a
793 1819 898 1878 natura
908 1816 981 1878 sanc
995 1815 1071 1897 ipsis
1085 1815 1191 1878 inditus

220 1916 265 1969 cst
278 1907 425 1990 appetitus
440 1905 525 1988 quasi
548 1903 729 1967 invincibilis
750 1905 817 1966 vitoe
835 1903 962 1980 socialis,
978 1921 1017 1966 ex
1040 1922 1104 1986 quo
1117 1903 1189 1965 titur
1251 1903 1252 1943 l

220 1995 349 2058 solitudo
368 1994 571 2058 communiter
591 1993 723 2074 fugiatur
745 1999 775 2056 et
792 2001 947 2076 qu'aeratar
964 1991 1096 2056 aliorum
1122 2011 1187 2056 oon·

221 2085 359 2146 sortium.

261 2174 350 2233 3162.
367 2171 500 2233 Societas
514 2189 586 2250 ergo
601 2176 646 2233 est
659 2172 749 2234 alteo
759 2169 891 2234 instituta
901 2171 932 2233 in
947 2188 1080 2252 genere:
1096 2171 1192 2254 quoad

222 2261 293 2320 vero
302 2260 473 2322 societatem
488 2260 519 2320 in
529 2261 640 2341 specie,
653 2277 706 2323 seu
716 2259 815 2341 quoad
826 2259 951 2322 modum
961 2260 1127 2341 specialem
1136 2279 1193 2341 quo

222 2349 445 2410 constituuntur
457 2346 545 2410 variae
559 2349 715 2410 societates
727 2365 795 2429 quae
809 2348 840 2410 in
854 2346 970 2411 mundo
982 2353 1102 2410 exstant
1112 2345 1128 2424 ,'
1140 2348 1192 2412 boc

222 2435 333 2518 pendet
345 2438 362 2498 a
376 2435 624 2499 determinatione
638 2437 813 2511 hominum;
828 2453 865 2498 ex
876 2453 936 2517 quo
945 2437 1047 2498 evenit
1058 2444 1091 2498 ut
1103 2436 1193 2498 direr-

223 2523 377 2588 siiicentur
390 2525 495 2588 iormae
516 2525 733 2607 guberniorum
752 2543 761 2586 r
778 2525 819 2586 ibi
840 2525 923 2587 enim
938 2525 1080 2606 praeralet
1101 2525 1191 2587 torma

224 2615 433 2686 monarchica,
448 2613 518 2676 alibi
532 2615 733 2678 aristocratica
747 2621 798 2676 aut
810 2613 1027 2689 dernocratica,
1042 2620 1120 2690 etc.;
1133 2613 1192 2676 lraeu

224 2703 389 2782 generatim
405 2705 483 2765 Deus
497 2702 620 2764 arbitrio
637 2701 797 2766 hominum
819 2702 960 2782 dimittit,
978 2703 1033 2766 etsi
1053 2707 1108 2766 sut
1126 2721 1191 2786 pro-

223 2789 353 2852 videntia
367 2809 487 2873 semper
499 2789 617 2871 dirigat.

265 2881 355 2944 3163.
371 2881 453 2942 Finis
467 2886 567 2942 autem
581 2875 730 2941 societatis
743 2879 838 2944 civilis
850 2879 1107 2942 estvitahumana
1118 2887 1193 2944 tran

224 2967 318 3048 quilla
332 2973 362 3028 et
375 2967 460 3030 beate
473 2966 621 3042 ducenda,
632 2967 759 3048 proinde
772 2986 843 3031 cum
856 2967 1064 3031 observatione
1074 2969 1192 3048 justitia

225 3064 254 3118 et
270 3055 433 3116 honestatis
447 3074 587 3134 morum;
609 3058 728 3137 etquis
745 3057 783 3119 ad
806 3056 870 3120 lraec
888 3056 1054 3119 obtinenda
1074 3057 1192 3119 maxirm

226 3144 371 3205 momenti
393 3151 438 3204 est
452 3144 617 3208 observatio
634 3145 798 3227 religionis,
821 3151 940 3208 summi
958 3151 1033 3209 curt
1053 3145 1195 3208 custodiri

225 3230 314 3294 dehet
327 3231 431 3312 religio
445 3232 476 3293 in
490 3235 629 3298 societate
643 3255 652 3312 3
676 3233 758 3298 unde
772 3235 803 3298 S.
826 3237 951 3318 August.
969 3235 1058 3313 (libro
1071 3233 1107 3297 de
1120 3235 1195 3298 ueri·
1249 3257 1250 3282 r

227 3327 286 3382 tate
297 3319 481 3401 predesu'n.)
495 3323 555 3384 ait:
575 3327 767 3406 rlmperator
786 3341 848 3386 non
865 3324 934 3385 ideo
953 3331 999 3386 est
1016 3341 1068 3386 ras
1081 3323 1196 3386 miseri·
1249 3305 1250 3338 ¹

225 3429 241 3467 r
265 3408 375 3470 cordiae
390 3420 588 3492 praeparatum
605 3412 636 3474 in
652 3413 763 3494 glorta,
777 3413 849 3493 quia
862 3415 979 3493 apicem
994 3413 1105 3474 terreni
1120 3414 1198 3494 prin

226 3514 241 3553 n
266 3496 383 3575 cipattts
396 3500 520 3579 accipit;
542 3499 594 3561 sed
618 3500 644 3562 si
665 3503 695 3561 in
719 3500 868 3581 Imperiali
885 3501 1019 3562 culmine
1037 3505 1120 3564 recta
1142 3499 1197 3562 lide

226 3601 242 3638 r
265 3583 431 3662 vivat...,si
446 3586 662 3667 praeomnibus
675 3607 708 3650 se
726 3593 842 3652 Sanctae
863 3587 966 3650 Matris
987 3589 1133 3652 Ecclesiae
1148 3607 1198 3650 ca·
1249 3633 1250 3660 ,

227 3687 242 3724 ι
266 3667 383 3736 tholicae
401 3675 575 3735 meminerit
588 3673 705 3740 filium.
722 3685 756 3738 ut
768 3679 834 3746 eius
843 3676 913 3750 nuci
926 3685 1017 3756 atquc
1030 3677 1197 3756 tranquilli·
