2550 3992
467 253 553 302 arnan
574 256 729 309 sacuunus.
1033 250 1092 313 639

116 349 255 414 heresim
269 351 315 414 vcl
336 351 467 415 schisma
485 355 602 433 ejurare
615 356 755 435 deberet,
775 368 808 427 ut
828 369 965 428 exactum
986 366 1041 429 luit
1055 367 1093 430 ab

120 439 155 502 iis
177 439 228 520 qui
249 441 332 503 Ciuili
355 442 564 516 carantanam
587 447 663 509 Cleri
677 449 816 530 gallicani
839 455 1090 536 subscripserant.

118 528 208 611 (Vide
218 530 379 611 laquear,
395 531 436 592 η’·
450 535 508 596 682
522 538 552 595 et
565 538 649 614 683.)

162 639 177 675 c
198 619 369 682 Cavendum
384 627 439 695 est,
455 621 554 704 inquil
567 623 683 688 Rituale
693 630 836 707 Romam,
847 649 886 694 ne
901 631 938 694 ad
953 632 1098 716 indignos

118 726 134 765 r
159 724 230 770 curn
245 707 372 770 aliorum
383 708 523 771 scandalo
537 709 687 776 deleratur
698 718 883 797 (Vialicumlz
895 720 998 801 quales
1010 731 1090 794 sunt,

119 814 133 856 a
157 801 243 871 etc..;
267 797 324 858 nisi
346 813 411 860 sese
433 799 517 880 prrirs
535 805 619 862 sacra
637 803 827 870 confessione
849 813 1041 890 purgaverint
1063 817 1093 874 et

119 889 134 946 l
159 884 287 966 publicar
300 885 476 957 offensioni,
493 895 582 970 prout
595 889 633 951 de
645 893 729 971 Jurc,
746 895 953 960 satisfecerint.
973 920 989 957 r

159 976 247 1036 3213.
265 975 384 1046 Quaerit.
407 981 439 1038 7⁰
457 977 535 1049 Ouid
549 979 701 1060 agendum
716 983 748 1044 in
769 983 862 1047 dubio
882 985 921 1049 dc
940 987 1092 1066 crimine,

120 1061 165 1124 rel
179 1061 218 1125 dc
234 1064 434 1146 paenitentia?

158 1153 248 1234 Resp.
278 1154 566 1237 «Distinguendum
587 1177 596 1221 ε
622 1162 653 1222 l·
672 1161 703 1223 Si
726 1163 842 1225 crimen
861 1168 906 1226 est
923 1168 1039 1226 certum
1064 1172 1093 1226 ct

119 1264 134 1301 ι
160 1241 333 1322 poenitantia
345 1243 448 1324 dubia,
464 1249 692 1310 Sacramentum
706 1257 751 1312 est
766 1254 846 1314 certe
859 1251 1092 1333 denegandum,

119 1353 134 1390 r
159 1330 256 1394 donec
265 1339 381 1395 constet
389 1333 1022 1420 depoenitcntia,quiapossidetinfamiaEt
1036 1340 1093 1403 hoc

121 1442 135 1478 r
158 1419 439 1485 dicendumdocent
453 1426 552 1499 suaa,
564 1427 1094 1509 etc...,ctiamsihabeatur(tantirm)

121 1532 136 1573 r
160 1510 281 1591 publica
291 1511 421 1594 suspicio
434 1512 472 1576 de
481 1515 625 1592 crimine,
636 1515 728 1577 modo
742 1516 872 1596 suspicio
887 1517 924 1580 sit
937 1525 997 1578 tarn
1008 1519 1094 1582 veho

120 1623 135 1659 a
161 1618 248 1661 mens
265 1607 299 1662 ul
312 1601 487 1682 aequiraleat
501 1603 605 1664 morali
620 1604 807 1680 certitudini3
824 1623 910 1666 secus
925 1605 947 1666 si
963 1607 1030 1667 talis
1044 1608 1092 1682 sit,

121 1712 134 1746 a
161 1687 1093 1774 utprobabilirationedeponipossit..;siaulemdubitaturde

121 1801 135 1837 a
161 1777 302 1852 crimine,
320 1796 382 1840 non
396 1786 493 1861 potest
506 1781 733 1843 Sacramentum
756 1781 857 1862 negari
876 1802 914 1842 :u
933 1781 979 1844 his
992 1791 1094 1844 tamen
1129 1785 1132 1791 '

27 1929 32 1934 ,
121 1867 314 1929 sacramentis
328 1869 461 1950 exceptis
480 1867 518 1930 dc
536 1869 648 1950 quibus
665 1887 757 1952 supra
772 1873 885 1951 (3203).
904 1872 935 1932 S.
957 1871 1092 1952 lagnon,

122 1955 334 2034 mmmm

161 2047 195 2107 ln
211 2046 298 2108 variis
313 2045 536 2111 difficultatibus
550 2065 618 2130 quaa
631 2047 670 2111 do
683 2047 731 2112 his
744 2055 872 2132 possunt
884 2067 1043 2113 occurrere
1057 2049 1094 2113 ad

121 2135 305 2218 Episcopum
319 2142 364 2199 est
377 2135 605 2200 recurrendum.

163 2227 253 2289 aaut.
266 2227 312 2286 An
322 2231 422 2287 autem
433 2226 520 2289 liceat
533 2226 604 2289 dare
618 2226 839 2291 absolutionem
848 2229 894 2292 vel
908 2231 1094 2292 Extremam·

120 2315 302 2379 Unctionem
312 2313 473 2378 christiano
482 2315 664 2379 moribundo
673 2318 725 2399 qui
736 2319 814 2380 male
824 2318 939 2394 vixerit,
951 2319 1095 2400 nullaque

121 2408 243 2484 propter
257 2403 450 2465 amissionem
468 2407 542 2466 usus
563 2421 708 2467 sensuum
730 2407 816 2486 signa
839 2407 1023 2486 poenitentia
1041 2409 1095 2470 de·

121 2491 218 2567 derit,
242 2493 427 2574 expendetur
451 2493 483 2554 in
505 2499 633 2555 tractatu
652 2493 688 2554 de
710 2493 888 2555 Paenitentia
903 2518 913 2554 .-
929 2494 997 2556 vide
1018 2496 1095 2558 inira

122 2581 387 2660 (atractensium
403 2582 434 2642 in
445 2599 535 2644 sensu
544 2580 719 2644 affirmativo
728 2581 855 2643 dubium
866 2581 988 2666 soluitur
1002 2583 1094 2646 motio

122 2669 322 2732 moribundus
341 2669 414 2732 nihil
434 2669 536 2734 lecerit
560 2688 598 2732 err
615 2687 676 2752 quo
687 2671 815 2751 Judicari
835 2669 942 2732 debeat
955 2679 1024 2733 actu
1047 2671 1094 2732 in·

121 2759 296 2841 dispositus.

164 2849 309 2919 Quaenam
333 2849 404 2911 vero
421 2849 482 2910 sint
508 2848 620 2930 regulae
641 2847 834 2912 observandae
852 2849 884 2911 in
906 2848 1094 2913 absolutione

122 2937 444 3020 poenitentibusdanda
454 2938 497 3000 rel
507 2937 776 3018 deneganda‚ride
790 2939 879 3000 etiarn
891 2937 968 3000 inira
978 2939 1090 3015 (3782).

163 3027 253 3087 32l5.
269 3027 391 3098 Quaerit.
407 3029 439 3089 8⁰
455 3030 500 3088 An
519 3025 667 3108 parochus
680 3026 774 3107 possit
792 3027 928 3090 assistere
943 3029 1092 3090 matrimo-

123 3114 175 3176 nio
189 3131 294 3176 eorum
309 3115 359 3195 qui
374 3120 445 3177 sunt
459 3116 571 3196 publici
585 3115 776 3196 peccatores?

164 3207 252 3285 Resp.
275 3203 429 3266 Affirmant
444 3206 559 3285 Layin,
572 3203 659 3266 Groix
672 3210 703 3265 et
715 3205 800 3285 Lugo
814 3204 915 3284 (modo
929 3211 1031 3265 tamen
1045 3221 1094 3284 pa·

123 3291 234 3355 rochus
261 3293 344 3375 priirs
376 3300 502 3355 conatus
529 3292 617 3355 luerit
646 3309 774 3374 sponsos
804 3292 996 3374 disponere):
1025 3292 1094 3372 quia

125 3382 273 3465 parochus
294 3401 356 3443 non
377 3387 422 3443 est
444 3381 579 3446 minister
605 3383 784 3444 sacramenti
811 3379 1012 3459 matrimonii,
1042 3381 1094 3442 sed

123 3471 207 3534 testis
220 3471 376 3533 duntaxat.

165 3563 281 3639 Negant
293 3562 364 3622 vero
382 3578 444 3623 non
457 3559 575 3622 tantum
589 3559 639 3640 qui
654 3565 759 3622 tenent
772 3558 937 3642 parochum
956 3577 1022 3622 esse
1036 3564 1092 3622 mi-

126 3647 254 3713 nistrum
279 3649 480 3726 sacramenti,
509 3648 562 3712 red
582 3647 672 3710 ctiam
698 3648 770 3712 aliia
793 3655 824 3710 ct
849 3648 920 3710 huic
939 3650 1093 3712 sententia
