2522 3992
476 338 561 384 mam
583 337 699 384 narnus.
1015 323 1074 386 ltu

140 442 185 503 Ex
198 437 349 502 contraria
362 443 462 500 tamen
478 445 682 500 conventuum
696 438 926 517 consuetudine,
942 439 972 502 id
986 440 1075 503 licere

102 528 369 592 tenentSuarezius
383 527 484 590 etalii.
502 527 577 589 Vide
595 528 704 600 Bouix,
721 525 775 588 ib..
792 547 821 608 p.
839 532 907 592 590.

141 623 230 682 2670.
254 617 371 679 Neritio
380 615 544 697 egredienti
558 623 673 677 nonest
687 617 904 699 relinquendus
913 618 1075 700 Religionis

103 704 237 782 babitus,
265 706 317 767 sed
340 708 458 767 tautum
480 705 506 767 ei
536 707 753 768 restituendum
781 707 860 769 illius
882 711 1030 789 pretium,
1051 708 1074 770 si

105 796 273 876 sumptibus
286 795 351 873 ejus
364 803 555 876 comparatus
569 793 668 856 luerit.
683 797 763 858 ltaS.
775 798 885 878 Congr.
903 799 1008 870 Cone,
1025 815 1073 879 up.

106 883 246 962 Ferreus,
263 884 316 961 ila,
333 893 366 944 n⁰
380 888 436 960 683
454 883 614 959 Gautrelel,
631 883 685 958 ila,
700 889 774 946 torn.
793 889 826 962 l,
842 905 872 967 p.
890 890 939 948 86.

144 975 233 1034 2671.
256 973 390 1034 Noritius
411 973 568 1051 egrediens
591 979 709 1034 leuetur
730 974 844 1036 solvere
859 993 1006 1056 expensas
1021 995 1076 1058 pro

105 1061 202 1141 ipson
224 1063 405 1124 monasterio
428 1062 536 1136 lactas,
559 1063 583 1124 si
604 1061 641 1124 de
656 1063 713 1123 hoc
728 1063 918 1125 intervenerit
932 1071 1075 1146 pactum,

108 1150 150 1211 rel
165 1151 188 1210 si
204 1150 242 1212 ita
257 1151 330 1213 ierat
343 1151 462 1213 Ordinis
477 1151 680 1227 consuetud0,
697 1151 740 1212 rel
753 1171 815 1213 non
830 1152 967 1214 habuerit
978 1154 1076 1214 inten-

108 1240 219 1300 tionem
233 1245 298 1302 vota
313 1241 466 1302 emittendi
481 1245 521 1314 et,
538 1241 599 1301 suis
615 1235 765 1302 laboribus
776 1248 825 1302 aut
836 1241 967 1310 aliunde,
983 1242 1077 1304 dictas

107 1345 252 1407 expensus
267 1349 327 1390 uon
337 1330 589 1410 compensarerit3
602 1347 703 1404 secus,
718 1348 778 1390 nrm
792 1337 919 1391 tenetur.
938 1333 1008 1392 Herc
1019 1331 1077 1392 col·

108 1415 158 1496 ligi
176 1437 261 1498 posse
275 1418 413 1480 videntur
435 1437 471 1480 ex
492 1437 582 1498 supra
606 1418 698 1478 relato
720 1419 843 1480 Concilii
862 1419 994 1480 Tritlent.
1019 1423 1077 1482 De·

109 1515 200 1570 creto.
216 1515 244 1568 et
258 1506 315 1568 hoc
330 1507 452 1588 intelligi
467 1507 555 1568 debet
569 1507 607 1567 de
621 1507 762 1568 omnibus
777 1507 1076 1588 Congregationibus,

110 1593 206 1674 inquit
220 1597 253 1655 P.
270 1597 420 1658 Gautrelct
435 1599 540 1677 (opere
555 1597 664 1674 citato,
680 1603 753 1656 tum.
772 1600 804 1672 l,
820 1615 850 1678 p.
867 1600 927 1675 llll.

482 1763 636 1820 ruutrtlu
654 1764 720 1820 l'lll.

144 1903 178 1945 ou
200 1901 442 1950 ursrosrrlonmus
463 1903 542 1946 rums
568 1901 652 1946 cruce
675 1901 854 1947 uurrrrouuu
875 1897 1043 1944 aauurrcrs.

148 2041 237 2098 2672.
261 2039 303 2098 Ex
328 2057 394 2118 cap.
426 2037 626 2118 Beneficium,
650 2035 836 2111 delteputlu
852 2033 1078 2102 6⁰,beneuctu1n

108 2125 209 2187 clerici
226 2127 409 2205 lleligionem
430 2125 625 2203 ingredientis
640 2125 722 2186 alteri
739 2128 842 2203 nequit
858 2123 986 2185 cont'erri
1004 2123 1078 2187 intra

109 2216 273 2276 Novitiattls
287 2233 402 2276 aunum
415 2235 421 2274 :
435 2214 495 2275 imb
511 2213 720 2275 Satrrcltezcum
736 2214 800 2274 aliis
814 2211 901 2274 dccet
916 2229 976 2274 non
993 2229 1076 2294 possa

110 2301 238 2366 conferri
261 2312 329 2365 ante
349 2303 585 2379 l'rolessionerm
610 2303 663 2364 elsi
678 2303 832 2364 differatur
851 2303 927 2364 ultra
950 2321 1077 2366 aunum.

111 2393 240 2454 Proinde
255 2393 278 2453 si
295 2393 423 2454 novitius
437 2401 514 2452 esset
528 2391 856 2474 Canonicus,jusdttndi
869 2409 974 2452 vocem
989 2392 1019 2452 iu
1030 2394 1080 2453 Ca·

110 2483 206 2563 pitulo
221 2485 375 2558 retineret,
392 2482 414 2542 si
427 2481 513 2542 vellet
530 2501 536 2540 :
553 2481 605 2541 sed
620 2482 691 2561 quia
707 2489 860 2561 reputatur
879 2481 1001 2557 absens,
1018 2499 1079 2542 nou

111 2580 157 2634 ast
171 2572 337 2634 necessario
351 2571 511 2634 vocandus.
528 2569 646 2646 (ltnuix,
662 2569 716 2648 ib,
733 2591 761 2650 p.
778 2569 861 2648 596.)

152 2665 241 2724 2673.
265 2663 396 2721 llurante
419 2668 518 2722 autem
547 2659 713 2734 Novitiatu,
747 2659 885 2720 beneticii
913 2658 1081 2724 functiones

112 2750 231 2812 vicario
254 2757 324 2810 sunt
338 2749 578 2822 committendae,
595 2749 745 2827 assignata
763 2748 860 2808 eidem
883 2747 921 2808 ab
935 2749 1083 2830 Episcopo

114 2841 251 2920 portione
263 2841 397 2920 congruit
411 2857 446 2898 cx
462 2837 606 2899 fructibus
622 2836 778 2898 beneficii:
796 2837 905 2898 residui
921 2845 1020 2899 autem
1035 2839 1082 2902 be-

115 2929 214 2991 ueticii
236 2927 367 3004 fructus,
392 2927 561 2988 reservandi
586 2934 655 2987 sunt
676 2927 791 2988 Noritio
815 2926 839 2988 si
863 2927 1082 2991 Prolessionem

115 3035 176 3080 non
191 3019 324 3093 emittut3
341 3017 364 3078 si
375 3019 444 3077 rerb
464 3016 576 3076 emittat
598 3035 653 3077 nec
667 3015 704 3077 de
720 3017 776 3078 illis
791 3023 878 3078 antea
891 3016 1082 3098 disposuerit,

112 3109 196 3188 juxta
211 3107 389 3168 sententiam
403 3107 667 3183 communiorem,
689 3107 890 3184 monasterio,
906 3108 929 3169 si
944 3125 1036 3188 capax
1048 3107 1081 3169 sil

114 3195 287 3278 possidendi
311 3197 340 3255 iu
364 3193 535 3272 cummuni,
555 3197 773 3276 acquiruntur:
789 3197 814 3258 si
834 3215 895 3260 non
914 3197 953 3257 sil
973 3213 1082 3277 capax,

114 3285 284 3367 applicandi
296 3290 366 3346 sunt
380 3283 519 3345 Ecclesiae
532 3283 577 3345 rel
592 3285 648 3366 piis
661 3288 769 3348 causis.

156 3375 260 3446 Ounad
275 3375 358 3450 hacc,
375 3380 404 3434 et
422 3373 520 3453 quoad
536 3373 742 3437 beneficiarios
756 3375 807 3457 qui
823 3376 1000 3437 Societatem
1013 3376 1084 3438 lesu

114 3463 339 3544 ingrediuntur,
354 3461 420 3524 ride
435 3463 471 3523 D.
489 3463 600 3537 Bouix,
616 3463 670 3540 to,
686 3485 715 3546 p.
733 3469 873 3528 obt-ma.

156 3558 246 3617 2674.
271 3554 362 3614 Vacat
384 3553 454 3614 verb
475 3551 654 3615 beneficium
677 3557 774 3614 statim
798 3573 833 3615 uc
852 3555 996 3618 emittitur
1018 3560 1084 3620 Pro

113 3643 207 3706 lessio
224 3641 386 3718 solemnis3
409 3659 496 3724 secus
514 3642 617 3703 situlis
635 3661 696 3704 nou
718 3644 755 3704 sit
773 3643 920 3705 Prolessio
937 3665 944 3705 ε
961 3646 1085 3726 proinde

116 3735 149 3794 iu
165 3728 223 3792 hoc
236 3749 326 3812 casu,
341 3731 367 3792 si
382 3729 565 3793 beneficium
577 3731 770 3794 residentiam
784 3734 897 3803 extuat,
914 3735 1084 3798 Ordiuarius
