2528 3996
448 296 532 342 LIBER
554 295 670 344 BRllsslb.

523 492 541 573 a
560 494 609 556 111.

82 633 122 698 Da
150 627 326 710 obliqatione
346 626 483 690 seruandi
503 626 635 710 rapulam
657 637 686 692 et
705 631 890 706 clausuram,
916 629 1048 692 lubitum

133 724 263 808 pertundi
276 723 461 808 religiosum,
477 735 507 787 et
518 726 670 788 nonnullis
684 726 756 789 aliis
769 725 1007 809 oblipotionilms.

469 925 623 984 Punctum
641 928 663 986 1.

271 1065 309 1111 os
329 1062 522 1112 oeuaarrone
543 1062 680 1109 rraamn
700 1061 856 1109 snnvanor.

123 1201 210 1263 2809.
225 1195 355 1261 Nomine
367 1195 508 1277 Regulos,
523 1195 622 1278 quoad
638 1203 816 1278 presentem
830 1193 1050 1279 quaestionem,

84 1286 380 1370 comprehenduntur
402 1289 492 1348 etiam
517 1286 764 1362 constitutiones3
780 1287 886 1348 eadem
907 1294 951 1349 est
971 1288 1053 1350 enim

84 1378 222 1456 autunto
244 1377 314 1438 istas
338 1395 373 1438 aa
396 1375 477 1437 illam
502 1375 690 1436 observandi.
714 1376 757 1436 De
782 1375 955 1439 discrimino
978 1377 1054 1438 inter

87 1468 201 1544 argutus
214 1475 243 1526 et
253 1465 500 1538 constitutiones,
515 1462 581 1524 vide
593 1481 684 1545 supra
696 1467 807 1542 (2522).

126 1559 212 1616 auto.
235 1555 357 1626 Quaerit.
376 1556 406 1614 1ο
429 1556 544 1626 Quanta
567 1553 605 1614 sit
623 1553 667 1616 vis
681 1553 792 1634 regulae
815 1553 969 1630 religiosos
984 1553 1056 1616 obli·

108 1644 174 1706 anili
185 1643 201 1706 l

86 1665 107 1726 g
129 1737 214 1812 ttesp.
230 1731 378 1812 t⁰llrpnlo
393 1731 532 1813 relipiosa
543 1751 598 1792 non
608 1741 771 1794 estmerum
782 1731 946 1803 coasiliorn,
958 1733 1057 1814 inquit

85 1825 212 1898 Suare13
236 1822 301 1899 ptus
314 1821 396 1882 onim
415 1821 505 1884 habet
522 1821 637 1884 roboris
651 1820 803 1903 obligandi
825 1824 916 1903 quarn
931 1823 1058 1885 consilia

83 1911 124 1972 rte
143 1914 252 1992 quittus
278 1910 378 1991 regula
407 1916 483 1974 tacet
504 1930 511 1972 :
532 1913 603 1973 ciam
627 1911 731 1972 saltem
752 1909 926 1972 violationes
944 1911 1058 1993 regule

84 2000 200 2082 possint
212 2005 231 2062 a
245 2001 404 2082 Superiora
414 1999 608 2082 puniri.Vide
624 1999 730 2079 Bouix,
742 1999 796 2078 ib„
811 2006 884 2062 tom.
897 2003 926 2074 Ξ,
943 2019 973 2082 p.
985 2004 1056 2080 573,

83 2095 156 2152 575.

127 2185 177 2239 nst
188 2183 215 2242 Ι.
236 2213 271 2226 -
283 2179 314 2242 2⁰
331 2178 396 2240 nari
411 2184 508 2260 potest
522 2179 626 2261 regula
639 2197 707 2261 quae
722 2178 834 2260 obliget
847 2177 904 2241 sub
919 2179 1057 2258 mortali,

83 2277 137 2331 aut
154 2269 211 2331 sutr
224 2269 331 2330 veniali
345 2315 353 2342 ,
369 2275 421 2330 aut
434 2268 624 2330 solummodo
639 2268 676 2330 ad
692 2287 824 2350 poenam.

126 2358 239 2438 largata
263 2362 361 2418 tanmn
378 2375 439 2418 non
454 2355 565 2438 obligat
578 2357 606 2418 vi
625 2357 684 2418 voti
699 2357 892 2436 obedientiae,
914 2357 971 2420 nisi
986 2359 1060 2421 forte

82 2445 114 2507 id
141 2445 171 2507 in
194 2449 229 2508 aa
252 2445 332 2508 clare
356 2445 542 2528 exprimatur
558 2467 565 2506 ι
581 2445 653 2527 quia
672 2445 822 2507 ordinarie
841 2445 973 2526 religiosi
999 2465 1060 2508 non

81 2535 229 2598 enrittunt
242 2542 343 2597 votum
359 2535 494 2617 regulam
507 2533 700 2611 observandi,
717 2534 769 2595 sed
784 2533 883 2596 solum
901 2533 1060 2596 obediendi

81 2623 255 2687 secundum
271 2623 417 2706 regulam.
430 2625 548 2701 (Bouix,
564 2623 620 2700 io,
634 2643 664 2705 p.
680 2626 763 2702 574.)

126 2716 218 2776 2⁸12.
238 2735 253 2771 a
267 2713 297 2774 Si
313 2713 417 2794 regula
431 2713 487 2775 sub
502 2719 624 2795 peccato
639 2711 759 2792 obliget,
776 2711 841 2790 ejus
861 2711 1062 2792 transgressio

78 2826 96 2864 n
128 2809 174 2864 est
187 2808 292 2864 contra
305 2809 407 2864 votum
421 2807 451 2863 et
464 2801 609 2882 sacrilega
624 2819 632 2862 ι
649 2800 723 2862 ratio
737 2807 782 2862 est
795 2800 865 2882 quia
878 2799 945 2861 talis
960 2799 1063 2880 regula

77 2915 96 2952 n
127 2909 191 2954 non
206 2897 252 2953 est
265 2891 366 2952 minus
380 2891 557 2972 praeceptiva
571 2891 663 2973 quam
677 2908 733 2951 vox
744 2888 951 2970 Superioris..:
963 2889 1064 2972 proin·
1118 2938 1121 2943 .

78 3003 97 3042 n
125 2980 205 3044 do...
230 2979 458 3050 carthusianus,
485 2997 513 3040 a.
539 2999 568 3062 g.
594 2996 700 3041 carnes
721 2977 833 3052 edens,
859 2977 904 3040 vel
930 2978 1063 3041 Francis

78 3093 97 3132 n
128 3089 226 3134 canus
241 3069 313 3131 seria
327 3071 411 3130 sexta
431 3087 492 3130 non
504 3068 666 3148 jejunans,
687 3075 791 3130 contra
807 3066 1010 3130 obedientiam
1035 3075 1065 3129 et

76 3181 97 3220 n
126 3167 234 3222 oorrtra
246 3158 473 3239 temperantiam
491 3165 652 3238 peccant.»
666 3157 697 3219 S.
712 3157 846 3238 Lignea,
858 3157 910 3218 lib.
923 3161 953 3232 l,
966 3173 999 3217 n⁰
1013 3159 1062 3218 rt.

125 3251 220 3310 2813.
236 3281 275 3293 -
288 3249 320 3308 3⁰
335 3247 365 3308 Si
381 3247 412 3307 in
426 3246 530 3327 regula
544 3247 685 3327 expressa
704 3245 821 3308 ditatur
841 3263 909 3308 eam
931 3245 1065 3324 obtigere

78 3338 239 3421 quantum
262 3341 375 3418 potest,
399 3336 465 3413 ejus
478 3334 599 3398 violatio
618 3335 675 3396 erit
695 3342 851 3416 peccatum
874 3334 999 3395 mortale
1015 3340 1066 3395 aut

78 3425 219 3502 veniale,
232 3431 321 3505 prout
334 3431 459 3486 materia
467 3428 513 3485 est
526 3424 623 3506 gravis
636 3429 688 3486 aut
702 3423 773 3485 levis
783 3443 791 3485 :
803 3423 874 3505 quia
889 3421 994 3503 regula
1003 3440 1066 3483 non

78 3521 132 3578 est
147 3515 253 3576 minus
266 3513 403 3594 obligans
413 3516 506 3595 quam
519 3531 575 3575 vox
586 3513 766 3595 Superioris,
778 3520 808 3576 et
821 3512 960 3595 superior
968 3515 1067 3594 potest

78 3604 226 3683 obligare
238 3604 322 3682 iuxta
336 3602 511 3683 gravitatem
525 3605 672 3666 materiae.

127 3695 223 3754 2814.
235 3723 273 3739 -
286 3697 318 3752 4⁰
338 3691 452 3783 Regula
466 3709 520 3772 par
533 3709 587 3770 se,
602 3710 640 3755 ne
653 3691 711 3756 sub
724 3692 833 3754 veniali
851 3693 976 3766 quidem
994 3695 1067 3757 obli·

1170 3915 1195 3960 Α
1255 3881 1256 3959 l
