2486 3984
213 176 251 237 tt
431 191 568 237 nanuum
588 191 690 236 runos
710 189 792 236 runis
812 189 962 238 canorum.

212 309 361 352 reservare
372 291 474 371 possit.
488 291 584 365 Unde,
592 293 676 371 Juxta
691 289 805 370 ipsum,
822 289 943 351 invalidi
955 298 1057 352 essent
1070 303 1197 356 actusu

211 379 319 440 vicario
333 379 444 460 peracti
463 381 576 461 absque
590 379 778 464 delegatione
793 378 931 460 parochi,
947 387 979 441 ut
1000 387 1072 460 puta
1090 382 1197 444 hlutri-

211 468 357 529 monium.
376 468 434 530 Sed
450 467 599 530 immerltd
615 469 702 530 nobis
717 468 833 530 videtur
847 467 939 532 asseri
953 469 1044 531 talem
1057 467 1198 552 discipli·

212 573 282 616 narn
294 557 373 637 apud
390 575 445 618 nos
460 559 639 638 generaliter
653 557 763 637 rigere.

252 649 339 707 losa.
367 647 472 708 «Cbm
488 654 590 708 autem
609 646 763 726 delegatus
781 646 819 709 ad
839 646 1063 728 generalitatem
1082 667 1195 712 causa-

168 770 170 776 .
210 755 224 792 r
250 751 318 796 rum
333 734 425 815 possit
439 735 635 816 subdelegare
646 735 682 798 ad
696 735 828 816 aliquem
843 736 1053 817 particularem
1064 755 1194 812 casum,

210 844 225 880 r>
251 825 384 903 sequitur
396 822 491 885 dictos
504 825 631 886 vicarios
645 842 733 905 posse
747 825 836 886 etiam
851 824 982 906 aliquem
999 825 1196 890 sacerdotem

210 932 225 968 r
250 911 288 971 ed
302 911 502 974 assistendum
520 912 609 975 alicui
626 913 819 974 Matrimonio
831 913 927 976 aalide
943 911 1158 996 subdelegare.
1175 939 1191 974 n

210 999 252 1059 lta
265 999 299 1060 b.
313 1000 408 1062 Boulx
422 1000 477 1076 (lle
493 1000 632 1074 earocto,
649 1021 679 1082 p.
695 1003 779 1078 652.)
790 999 849 1062 Sed
863 1019 925 1064 non
941 1006 1039 1082 potest
1051 1002 1196 1066 subdele

211 1105 281 1168 gare
295 1105 350 1169 pro
368 1089 559 1170 generalitate
572 1107 744 1152 causarum.
761 1089 836 1152 Vide
850 1108 918 1172 quae
939 1089 1072 1152 diximus
1097 1109 1192 1174 supra

251 1268 338 1327 teau.
363 1267 485 1339 Quaerit.
502 1273 533 1330 2⁰
547 1270 654 1331 Utrum
673 1268 774 1332 vicarii
790 1266 1027 1348 jurisdictionem
1042 1286 1119 1349 erga
1133 1289 1192 1351 pe-

211 1352 369 1417 rochianos
384 1356 498 1437 possint
511 1363 594 1418 extra
609 1358 783 1439 parochiam
800 1375 941 1422 exercere
955 1376 1009 1438 per
1022 1375 1055 1420 se
1068 1357 1118 1420 rel
1137 1378 1193 1440 per

212 1442 307 1504 alios?

251 1532 340 1614 ltesp.
358 1537 388 1596 l⁰
402 1536 522 1598 Certum
536 1537 676 1618 estquod
697 1555 760 1600 non
779 1537 895 1620 possint
916 1535 1071 1600 absoluere
1091 1555 1193 1601 saera·

213 1623 381 1686 mentaliter
396 1625 593 1706 parochianos
607 1634 690 1688 extra
704 1626 876 1708 parochiam
888 1626 934 1687 rel
954 1626 1113 1707 parochias
1137 1647 1192 1709 pro

212 1711 321 1792 quibus
334 1713 549 1795 approbantur,
569 1717 639 1778 chm
654 1715 691 1776 ad
707 1715 764 1778 boc
778 1717 817 1778 sit
830 1715 998 1776 necessaria
1012 1717 1192 1797 approbatio

210 1802 352 1884 Episcopi
362 1803 418 1865 loci
434 1805 465 1865 in
479 1822 541 1884 quo
555 1805 759 1867 contessioms
772 1804 947 1867 audiuntur.
964 1805 1006 1866 lta
1019 1804 1160 1868 decisum
1174 1809 1190 1866 h

213 1891 243 1951 S.
259 1893 368 1970 congr.
391 1893 519 1970 Concit,
540 1897 578 1956 te
594 1895 713 1974 januar.
736 1899 809 1957 toll
828 1899 858 1956 et
870 1897 889 1956 3
903 1893 970 1957 deo.
992 1897 1069 1956 1707
1083 1914 1091 1954 :
1106 1895 1190 1976 apud

212 1979 243 2039 S.
260 1979 395 2059 Lignum,
409 1979 461 2041 lib.
478 1986 515 2056 6,
531 1992 564 2043 n⁰
580 1986 650 2044 tlt.

253 2072 341 2129 tuat.
358 2102 396 2116 —
410 2073 443 2130 2⁰
457 2071 560 2143 Quoad
576 2072 632 2133 alia
648 2077 849 2148 sacramenta,
864 2091 893 2133 v.
909 2092 954 2154 g.‚
969 2070 1070 2154 quoad
1084 2073 1190 2134 blatn-

212 2159 363 2235 monium‚
388 2177 427 2220 an
440 2161 541 2222 vicarii
561 2163 677 2242 possint
688 2161 929 2242 jurisdictionem
943 2179 1083 2224 exercere
1104 2171 1190 2224 extra

211 2247 384 2329 parochiam
403 2266 474 2328 erga
495 2251 710 2331 parochianoS,
736 2251 989 2314 controvertitur:
1006 2250 1109 2330 plures
1135 2271 1190 2312 ne·

212 2344 301 2418 gant3
318 2337 390 2418 quia
411 2356 448 2400 ex
469 2337 613 2400 Clement.
639 2339 765 2407 Dndum.
784 2339 816 2400 dc
838 2339 995 2418 sepulturis
1035 2339 1191 2420 regulares

211 2426 366 2508 approbati
393 2445 463 2489 curn
484 2428 690 2506 J'urisdictione
711 2428 846 2510 delegata
867 2429 1046 2491 nullatenus
1065 2429 1190 2490 manses-

211 2515 311 2578 siones
325 2515 428 2578 audire
442 2515 554 2578 debent
572 2527 659 2578 extra
679 2518 815 2579 ciuitates
833 2525 862 2577 et
879 2515 1009 2576 dt'oeceses
1031 2517 1191 2597 inquibus

211 2603 334 2668 luerunt
346 2605 497 2687 deputati:
513 2613 649 2688 tempore
663 2605 746 2668 enim
760 2604 971 2688 publicationis
985 2605 1189 2668 (lementlna-

211 2713 299 2770 rum,
323 2695 459 2757 nondum
486 2695 662 2778 approbatio
689 2701 753 2756 erut
780 2693 924 2775 requisita
945 2691 984 2754 ad
1005 2693 1190 2756 validitatem

210 2787 388 2847 sacramenti
404 2784 606 2862 Poenitentiae,
618 2783 670 2845 sed
685 2783 742 2846 hac
755 2783 871 2865 epochd
887 2781 1069 2858 sufficiebat,
1081 2783 1189 2845 saltem

211 2873 403 2956 probabiliter
411 2875 495 2954 juxta
505 2875 647 2956 Loqueux
659 2876 704 2951 (n0
718 2877 804 2952 tol),
816 2879 945 2953 potestas
952 2871 1187 2950 jurisdictionis:

210 2962 235 3024 si
249 2981 322 3044 ergo
342 2971 415 3025 tunc
434 2963 591 3025 deficiebat
613 2969 742 3044 potestas
767 2961 983 3041 jurisdictionis
1008 2979 1064 3041 pro
1087 2979 1189 3022 sacra-

211 3061 314 3114 mento
339 3052 523 3114 l'oenitentiae
550 3052 673 3131 quondo
696 3051 849 3132 regulares
877 3049 1084 3112 consessiones
1107 3051 1190 3112 axci-

210 3142 333 3223 piehant
359 3151 446 3202 cetra
468 3140 598 3201 ciuitates
625 3148 654 3200 et
682 3140 812 3202 dr‘oeceses
838 3157 894 3221 pro
921 3138 1032 3220 quibus
1058 3138 1189 3218 delegati

211 3229 354 3304 lucrant,
383 3247 455 3310 ergo
482 3236 555 3290 tunc
579 3229 746 3308 jurisdictio
777 3229 913 3311 delegata
940 3227 978 3290 ad
1003 3227 1189 3290 territorium

211 3319 463 3398 restrinpehatur3
480 3336 552 3398 ergo
566 3317 645 3378 idem
660 3337 725 3380 esse
739 3318 829 3380 debet
843 3317 946 3392 bodie,
958 3317 1085 3400 proinde
1095 3334 1190 3398 gene-

211 3408 310 3468 raliter
325 3400 383 3468 dici
403 3407 491 3468 debet
510 3407 591 3488 qudd
605 3408 705 3468 vicani
717 3407 954 3486 J'urlsdictionem
967 3424 1110 3470 exercere
1125 3425 1189 3469 non

210 3495 328 3558 valeant
346 3504 427 3557 extra
447 3497 635 3578 parochiam,
658 3497 749 3557 etiam
767 3515 839 3577 erga
853 3494 1075 3578 parochianos:
1100 3501 1132 3558 et
1156 3498 1188 3558 in

212 3579 268 3646 hoo
278 3583 1189 3672 sensuluissedecisumullirmantltarbosaetFugnan.‚apud
