<?xml version="1.0" encoding="UTF-8"?>
<!DOCTYPE html PUBLIC "-//W3C//DTD XHTML 1.0 Transitional//EN"
    "http://www.w3.org/TR/xhtml1/DTD/xhtml1-transitional.dtd">
<html xmlns="http://www.w3.org/1999/xhtml" xml:lang="en" lang="en">
 <head>
  <title>
</title>
<meta http-equiv="Content-Type" content="text/html;charset=utf-8" />
  <meta name='ocr-system' content='tesseract 3.04.00' />
  <meta name='ocr-capabilities' content='ocr_page ocr_carea ocr_par ocr_line ocrx_word'/>
</head>
<body>
  <div class='ocr_page' id='page_1' title='image "./manualetotiusju01craigoog_0413.png"; bbox 0 0 2534 3996; ppageno 0'>
   <div class='ocr_carea' id='block_1_1' title="bbox 200 271 956 334">
    <p class='ocr_par' dir='ltr' id='par_1_1' title="bbox 200 271 956 334">
     <span class='ocr_line' id='line_1_1' title="bbox 200 271 956 334; baseline 0.004 -4"><span class='ocrx_word' id='word_1_1' title='bbox 200 271 259 330; x_wconf 72' lang='lat' dir='ltr'>tos·</span> <span class='ocrx_word' id='word_1_2' title='bbox 419 285 561 332; x_wconf 75' lang='lat' dir='ltr'>uruntur</span> <span class='ocrx_word' id='word_1_3' title='bbox 581 286 686 334; x_wconf 82' lang='lat' dir='ltr'>rurrus</span> <span class='ocrx_word' id='word_1_4' title='bbox 705 287 786 334; x_wconf 75' lang='lat' dir='ltr'>aunis</span> <span class='ocrx_word' id='word_1_5' title='bbox 808 285 956 334; x_wconf 79' lang='lat' dir='ltr'>muourn.</span> 
     </span>
    </p>
   </div>
   <div class='ocr_carea' id='block_1_2' title="bbox 200 390 1172 1012">
    <p class='ocr_par' dir='ltr' id='par_1_2' title="bbox 200 390 1170 568">
     <span class='ocr_line' id='line_1_2' title="bbox 200 390 1170 478; baseline 0.006 -24"><span class='ocrx_word' id='word_1_6' title='bbox 200 390 401 467; x_wconf 71' lang='lat' dir='ltr'>dimittantur,</span> <span class='ocrx_word' id='word_1_7' title='bbox 427 396 507 457; x_wconf 87' lang='lat' dir='ltr'>urnle</span> <span class='ocrx_word' id='word_1_8' title='bbox 524 415 583 459; x_wconf 91' lang='lat' dir='ltr'>non</span> <span class='ocrx_word' id='word_1_9' title='bbox 601 405 726 478; x_wconf 79' lang='lat' dir='ltr'>possunt</span> <span class='ocrx_word' id='word_1_10' title='bbox 746 397 806 460; x_wconf 92' lang='lat' dir='ltr'>dici</span> <span class='ocrx_word' id='word_1_11' title='bbox 827 397 975 460; x_wconf 84' lang='lat' dir='ltr'>solemnia</span> <span class='ocrx_word' id='word_1_12' title='bbox 996 396 1170 477; x_wconf 84' lang='lat' dir='ltr'>hujusmodi</span> 
     </span>
     <span class='ocr_line' id='line_1_3' title="bbox 200 481 1009 568; baseline 0.009 -24"><span class='ocrx_word' id='word_1_13' title='bbox 200 491 277 544; x_wconf 84' lang='lat' dir='ltr'>vute.</span> <span class='ocrx_word' id='word_1_14' title='bbox 293 481 381 560; x_wconf 87' lang='lat' dir='ltr'>(Vide</span> <span class='ocrx_word' id='word_1_15' title='bbox 397 483 503 557; x_wconf 86' lang='lat' dir='ltr'>Bouix,</span> <span class='ocrx_word' id='word_1_16' title='bbox 517 484 555 548; x_wconf 79' lang='lat' dir='ltr'>tte</span> <span class='ocrx_word' id='word_1_17' title='bbox 570 485 725 568; x_wconf 60' lang='lat' dir='ltr'>litantia,</span> <span class='ocrx_word' id='word_1_18' title='bbox 741 497 815 550; x_wconf 87' lang='lat' dir='ltr'>torn.</span> <span class='ocrx_word' id='word_1_19' title='bbox 833 492 861 560; x_wconf 77' lang='lat' dir='ltr'>l,</span> <span class='ocrx_word' id='word_1_20' title='bbox 879 508 908 568; x_wconf 88' lang='lat' dir='ltr'>p.</span> <span class='ocrx_word' id='word_1_21' title='bbox 927 493 982 551; x_wconf 79' lang='lat'>¹¹5</span> <span class='ocrx_word' id='word_1_22' title='bbox 998 489 1009 568; x_wconf 78' lang='lat' dir='ltr'>l</span> 
     </span>
    </p>

    <p class='ocr_par' dir='ltr' id='par_1_3' title="bbox 200 573 1172 1012">
     <span class='ocr_line' id='line_1_4' title="bbox 241 573 1171 658; baseline 0.005 -25"><span class='ocrx_word' id='word_1_23' title='bbox 241 573 330 633; x_wconf 77' lang='lat' dir='ltr'>2trd.</span> <span class='ocrx_word' id='word_1_24' title='bbox 356 573 397 633; x_wconf 79' lang='lat' dir='ltr'>ux</span> <span class='ocrx_word' id='word_1_25' title='bbox 420 577 598 653; x_wconf 67' lang='lat' dir='ltr'>praecedenti</span> <span class='ocrx_word' id='word_1_26' title='bbox 623 577 826 657; x_wconf 76' lang='lat' dir='ltr'>propositione</span> <span class='ocrx_word' id='word_1_27' title='bbox 851 591 987 657; x_wconf 77' lang='lat' dir='ltr'>sequitur</span> <span class='ocrx_word' id='word_1_28' title='bbox 1008 575 1108 658; x_wconf 82' lang='lat' dir='ltr'>qudd,</span> <span class='ocrx_word' id='word_1_29' title='bbox 1131 577 1171 639; x_wconf 92' lang='lat' dir='ltr'>ita</span> 
     </span>
     <span class='ocr_line' id='line_1_5' title="bbox 200 658 1172 746; baseline 0.008 -26"><span class='ocrx_word' id='word_1_30' title='bbox 200 658 379 738; x_wconf 84' lang='lat' dir='ltr'>disponente</span> <span class='ocrx_word' id='word_1_31' title='bbox 389 663 534 736; x_wconf 76' lang='lat' dir='ltr'>Ecclesia,</span> <span class='ocrx_word' id='word_1_32' title='bbox 544 673 644 727; x_wconf 84' lang='lat' dir='ltr'>uotum</span> <span class='ocrx_word' id='word_1_33' title='bbox 656 669 790 728; x_wconf 83' lang='lat' dir='ltr'>solemne</span> <span class='ocrx_word' id='word_1_34' title='bbox 805 668 869 728; x_wconf 88' lang='lat' dir='ltr'>lieri</span> <span class='ocrx_word' id='word_1_35' title='bbox 885 669 976 746; x_wconf 90' lang='lat' dir='ltr'>possit</span> <span class='ocrx_word' id='word_1_36' title='bbox 990 669 1130 738; x_wconf 73' lang='lat' dir='ltr'>simptex,</span> <span class='ocrx_word' id='word_1_37' title='bbox 1143 675 1172 728; x_wconf 90' lang='lat' dir='ltr'>et</span> 
     </span>
     <span class='ocr_line' id='line_1_6' title="bbox 201 751 1170 832; baseline 0.014 -26"><span class='ocrx_word' id='word_1_38' title='bbox 201 751 1170 832; x_wconf 71' lang='lat' dir='ltr'>mnumsimplexsolemneetlici‚sinenoraintentiones-urentis:</span> 
     </span>
     <span class='ocr_line' id='line_1_7' title="bbox 201 834 1172 914; baseline 0.012 -15"><span class='ocrx_word' id='word_1_39' title='bbox 201 834 295 901; x_wconf 73' lang='lat' dir='ltr'>libere</span> <span class='ocrx_word' id='word_1_40' title='bbox 319 843 399 902; x_wconf 79' lang='lat' dir='ltr'>etaim</span> <span class='ocrx_word' id='word_1_41' title='bbox 430 843 558 904; x_wconf 81' lang='lat' dir='ltr'>Ecclesia</span> <span class='ocrx_word' id='word_1_42' title='bbox 581 843 659 906; x_wconf 86' lang='lat' dir='ltr'>hanc</span> <span class='ocrx_word' id='word_1_43' title='bbox 686 845 905 908; x_wconf 82' lang='lat' dir='ltr'>institutionem</span> <span class='ocrx_word' id='word_1_44' title='bbox 924 846 1066 910; x_wconf 82' lang='lat' dir='ltr'>decrerit.</span> <span class='ocrx_word' id='word_1_45' title='bbox 1093 846 1172 914; x_wconf 73' lang='lat' dir='ltr'>Vade</span> 
     </span>
     <span class='ocr_line' id='line_1_8' title="bbox 205 923 713 1012; baseline 0.014 -26"><span class='ocrx_word' id='word_1_46' title='bbox 205 923 310 996; x_wconf 77' lang='lat' dir='ltr'>Bouix.</span> <span class='ocrx_word' id='word_1_47' title='bbox 326 927 533 1008; x_wconf 56' lang='lat' dir='ltr'>aenaeae,</span> <span class='ocrx_word' id='word_1_48' title='bbox 548 931 605 1012; x_wconf 77' lang='lat' dir='ltr'>ila,</span> <span class='ocrx_word' id='word_1_49' title='bbox 613 951 645 1012; x_wconf 83' lang='lat' dir='ltr'>p.</span> <span class='ocrx_word' id='word_1_50' title='bbox 661 935 713 998; x_wconf 80' lang='lat'>8³.</span> 
     </span>
    </p>
   </div>
   <div class='ocr_carea' id='block_1_3' title="bbox 422 1120 977 1270">
    <p class='ocr_par' dir='ltr' id='par_1_4' title="bbox 422 1120 977 1270">
     <span class='ocr_line' id='line_1_9' title="bbox 679 1120 704 1178; baseline 0 0"><span class='ocrx_word' id='word_1_51' title='bbox 679 1120 704 1178; x_wconf 85' lang='lat' dir='ltr'>n</span> 
     </span>
     <span class='ocr_line' id='line_1_10' title="bbox 422 1214 977 1270; baseline 0 0"><span class='ocrx_word' id='word_1_52' title='bbox 422 1225 460 1270; x_wconf 80' lang='lat' dir='ltr'>aa</span> <span class='ocrx_word' id='word_1_53' title='bbox 478 1225 541 1269; x_wconf 84' lang='lat' dir='ltr'>von</span> <span class='ocrx_word' id='word_1_54' title='bbox 560 1225 744 1270; x_wconf 83' lang='lat' dir='ltr'>raursnrarrs</span> <span class='ocrx_word' id='word_1_55' title='bbox 762 1214 977 1270; x_wconf 63' lang='lat' dir='ltr'>socruurrrrn&#39;</span> 
     </span>
    </p>
   </div>
   <div class='ocr_carea' id='block_1_4' title="bbox 205 1333 1178 3631">
    <p class='ocr_par' dir='ltr' id='par_1_5' title="bbox 206 1333 1178 2829">
     <span class='ocr_line' id='line_1_11' title="bbox 246 1333 1177 1417; baseline -0.004 -19"><span class='ocrx_word' id='word_1_56' title='bbox 246 1339 334 1398; x_wconf 78' lang='lat' dir='ltr'>2l¹l¹l.</span> <span class='ocrx_word' id='word_1_57' title='bbox 359 1333 446 1417; x_wconf 85' lang='lat' dir='ltr'>Apud</span> <span class='ocrx_word' id='word_1_58' title='bbox 461 1352 567 1396; x_wconf 83' lang='lat' dir='ltr'>omnes</span> <span class='ocrx_word' id='word_1_59' title='bbox 587 1339 704 1396; x_wconf 88' lang='lat' dir='ltr'>constat</span> <span class='ocrx_word' id='word_1_60' title='bbox 720 1339 877 1394; x_wconf 80' lang='lat' dir='ltr'>vorantem</span> <span class='ocrx_word' id='word_1_61' title='bbox 892 1335 1100 1412; x_wconf 76' lang='lat' dir='ltr'>paupertatem</span> <span class='ocrx_word' id='word_1_62' title='bbox 1113 1349 1177 1394; x_wconf 92' lang='lat' dir='ltr'>non</span> 
     </span>
     <span class='ocr_line' id='line_1_12' title="bbox 208 1419 1176 1504; baseline -0.005 -18"><span class='ocrx_word' id='word_1_63' title='bbox 208 1423 345 1487; x_wconf 82' lang='lat' dir='ltr'>abdicare</span> <span class='ocrx_word' id='word_1_64' title='bbox 359 1424 460 1486; x_wconf 89' lang='lat' dir='ltr'>omnia</span> <span class='ocrx_word' id='word_1_65' title='bbox 475 1423 554 1484; x_wconf 89' lang='lat' dir='ltr'>bona</span> <span class='ocrx_word' id='word_1_66' title='bbox 568 1441 699 1504; x_wconf 88' lang='lat' dir='ltr'>quorum</span> <span class='ocrx_word' id='word_1_67' title='bbox 713 1421 801 1483; x_wconf 77' lang='lat' dir='ltr'>haltai</span> <span class='ocrx_word' id='word_1_68' title='bbox 815 1419 984 1481; x_wconf 87' lang='lat' dir='ltr'>dominium</span> <span class='ocrx_word' id='word_1_69' title='bbox 999 1419 1044 1479; x_wconf 83' lang='lat' dir='ltr'>vel</span> <span class='ocrx_word' id='word_1_70' title='bbox 1060 1437 1152 1481; x_wconf 92' lang='lat' dir='ltr'>usum</span> <span class='ocrx_word' id='word_1_71' title='bbox 1168 1441 1176 1481; x_wconf 75' lang='grc' dir='ltr'>ι</span> 
     </span>
     <span class='ocr_line' id='line_1_13' title="bbox 210 1507 1177 1590; baseline -0.003 -15"><span class='ocrx_word' id='word_1_72' title='bbox 210 1515 366 1575; x_wconf 87' lang='lat' dir='ltr'>nonenim</span> <span class='ocrx_word' id='word_1_73' title='bbox 388 1512 506 1575; x_wconf 87' lang='lat' dir='ltr'>abdicat</span> <span class='ocrx_word' id='word_1_74' title='bbox 517 1513 567 1590; x_wconf 85' lang='lat' dir='ltr'>jus</span> <span class='ocrx_word' id='word_1_75' title='bbox 587 1511 677 1573; x_wconf 68' lang='lat' dir='ltr'>ritant</span> <span class='ocrx_word' id='word_1_76' title='bbox 692 1510 845 1584; x_wconf 82' lang='lat' dir='ltr'>seruandi,</span> <span class='ocrx_word' id='word_1_77' title='bbox 861 1527 949 1572; x_wconf 89' lang='lat' dir='ltr'>usum</span> <span class='ocrx_word' id='word_1_78' title='bbox 968 1507 1177 1572; x_wconf 81' lang='lat' dir='ltr'>membrorum</span> 
     </span>
     <span class='ocr_line' id='line_1_14' title="bbox 207 1597 1178 1682; baseline -0.005 -17"><span class='ocrx_word' id='word_1_79' title='bbox 207 1609 237 1665; x_wconf 86' lang='lat' dir='ltr'>et</span> <span class='ocrx_word' id='word_1_80' title='bbox 251 1602 424 1665; x_wconf 81' lang='lat' dir='ltr'>facultatum</span> <span class='ocrx_word' id='word_1_81' title='bbox 438 1619 650 1682; x_wconf 82' lang='lat' dir='ltr'>corporearum</span> <span class='ocrx_word' id='word_1_82' title='bbox 665 1606 753 1679; x_wconf 89' lang='lat' dir='ltr'>prout</span> <span class='ocrx_word' id='word_1_83' title='bbox 772 1599 801 1659; x_wconf 94' lang='lat' dir='ltr'>in</span> <span class='ocrx_word' id='word_1_84' title='bbox 817 1600 976 1672; x_wconf 85' lang='lat' dir='ltr'>servitute,</span> <span class='ocrx_word' id='word_1_85' title='bbox 991 1597 1036 1657; x_wconf 83' lang='lat' dir='ltr'>rel</span> <span class='ocrx_word' id='word_1_86' title='bbox 1057 1597 1178 1660; x_wconf 80' lang='lat' dir='ltr'>faculta-</span> 
     </span>
     <span class='ocr_line' id='line_1_15' title="bbox 206 1685 1178 1770; baseline -0.004 -16"><span class='ocrx_word' id='word_1_87' title='bbox 206 1701 270 1754; x_wconf 92' lang='lat' dir='ltr'>tum</span> <span class='ocrx_word' id='word_1_88' title='bbox 286 1692 412 1768; x_wconf 83' lang='lat' dir='ltr'>mentis,</span> <span class='ocrx_word' id='word_1_89' title='bbox 428 1709 484 1752; x_wconf 87' lang='lat' dir='ltr'>nro</span> <span class='ocrx_word' id='word_1_90' title='bbox 498 1690 606 1770; x_wconf 84' lang='lat' dir='ltr'>gratias</span> <span class='ocrx_word' id='word_1_91' title='bbox 623 1695 675 1750; x_wconf 91' lang='lat' dir='ltr'>aul</span> <span class='ocrx_word' id='word_1_92' title='bbox 688 1688 829 1760; x_wconf 83' lang='lat' dir='ltr'>virtutes,</span> <span class='ocrx_word' id='word_1_93' title='bbox 846 1705 902 1748; x_wconf 90' lang='lat' dir='ltr'>nec</span> <span class='ocrx_word' id='word_1_94' title='bbox 916 1687 1025 1748; x_wconf 87' lang='lat' dir='ltr'>lamam</span> <span class='ocrx_word' id='word_1_95' title='bbox 1040 1695 1071 1750; x_wconf 85' lang='lat' dir='ltr'>et</span> <span class='ocrx_word' id='word_1_96' title='bbox 1085 1685 1178 1750; x_wconf 81' lang='lat' dir='ltr'>ltono</span> 
     </span>
     <span class='ocr_line' id='line_1_16' title="bbox 206 1776 1176 1861; baseline -0.006 -21"><span class='ocrx_word' id='word_1_97' title='bbox 206 1799 282 1843; x_wconf 90' lang='lat' dir='ltr'>rem.</span> <span class='ocrx_word' id='word_1_98' title='bbox 306 1783 349 1842; x_wconf 92' lang='lat' dir='ltr'>De</span> <span class='ocrx_word' id='word_1_99' title='bbox 364 1779 500 1861; x_wconf 91' lang='lat' dir='ltr'>pluribus</span> <span class='ocrx_word' id='word_1_100' title='bbox 514 1776 559 1839; x_wconf 89' lang='lat' dir='ltr'>his</span> <span class='ocrx_word' id='word_1_101' title='bbox 577 1777 701 1858; x_wconf 85' lang='lat' dir='ltr'>quidem</span> <span class='ocrx_word' id='word_1_102' title='bbox 721 1784 823 1837; x_wconf 77' lang='lat' dir='ltr'>volum</span> <span class='ocrx_word' id='word_1_103' title='bbox 837 1776 930 1836; x_wconf 89' lang='lat' dir='ltr'>emitti</span> <span class='ocrx_word' id='word_1_104' title='bbox 946 1783 1064 1855; x_wconf 86' lang='lat' dir='ltr'>posset,</span> <span class='ocrx_word' id='word_1_105' title='bbox 1080 1796 1108 1838; x_wconf 88' lang='lat' dir='ltr'>v.</span> <span class='ocrx_word' id='word_1_106' title='bbox 1130 1798 1176 1858; x_wconf 57' lang='lat' dir='ltr'>g„</span> 
     </span>
     <span class='ocr_line' id='line_1_17' title="bbox 207 1863 1176 1947; baseline -0.002 -18"><span class='ocrx_word' id='word_1_107' title='bbox 207 1868 342 1931; x_wconf 85' lang='lat' dir='ltr'>vovendo</span> <span class='ocrx_word' id='word_1_108' title='bbox 357 1867 574 1942; x_wconf 86' lang='lat' dir='ltr'>humilitatem,</span> <span class='ocrx_word' id='word_1_109' title='bbox 590 1865 761 1947; x_wconf 88' lang='lat' dir='ltr'>patientiam</span> <span class='ocrx_word' id='word_1_110' title='bbox 776 1863 821 1926; x_wconf 80' lang='lat' dir='ltr'>vel</span> <span class='ocrx_word' id='word_1_111' title='bbox 836 1863 1010 1926; x_wconf 78' lang='lat' dir='ltr'>exercitium</span> <span class='ocrx_word' id='word_1_112' title='bbox 1025 1872 1176 1927; x_wconf 84' lang='lat' dir='ltr'>certorum</span> 
     </span>
     <span class='ocr_line' id='line_1_18' title="bbox 207 1952 1177 2036; baseline -0.002 -18"><span class='ocrx_word' id='word_1_113' title='bbox 207 1956 356 2018; x_wconf 86' lang='lat' dir='ltr'>charitatis</span> <span class='ocrx_word' id='word_1_114' title='bbox 369 1973 505 2036; x_wconf 82' lang='lat' dir='ltr'>operum,</span> <span class='ocrx_word' id='word_1_115' title='bbox 525 1962 595 2028; x_wconf 86' lang='lat' dir='ltr'>etc.;</span> <span class='ocrx_word' id='word_1_116' title='bbox 618 1954 670 2016; x_wconf 85' lang='lat' dir='ltr'>sed</span> <span class='ocrx_word' id='word_1_117' title='bbox 693 1952 863 2032; x_wconf 86' lang='lat' dir='ltr'>hujusmodi</span> <span class='ocrx_word' id='word_1_118' title='bbox 878 1959 944 2014; x_wconf 84' lang='lat' dir='ltr'>vota</span> <span class='ocrx_word' id='word_1_119' title='bbox 963 1955 979 2012; x_wconf 74' lang='lat' dir='ltr'>lt</span> <span class='ocrx_word' id='word_1_120' title='bbox 995 1957 1177 2033; x_wconf 79' lang='lat' dir='ltr'>paupertatis</span> 
     </span>
     <span class='ocr_line' id='line_1_19' title="bbox 209 2041 1176 2124; baseline -0.002 -20"><span class='ocrx_word' id='word_1_121' title='bbox 209 2053 277 2105; x_wconf 83' lang='lat' dir='ltr'>voto</span> <span class='ocrx_word' id='word_1_122' title='bbox 290 2043 458 2124; x_wconf 86' lang='lat' dir='ltr'>discrepant</span> <span class='ocrx_word' id='word_1_123' title='bbox 469 2063 476 2119; x_wconf 94' lang='lat'>;</span> <span class='ocrx_word' id='word_1_124' title='bbox 488 2061 542 2124; x_wconf 88' lang='lat' dir='ltr'>per</span> <span class='ocrx_word' id='word_1_125' title='bbox 556 2042 762 2105; x_wconf 87' lang='lat' dir='ltr'>hocultimum</span> <span class='ocrx_word' id='word_1_126' title='bbox 777 2043 859 2103; x_wconf 89' lang='lat' dir='ltr'>enim</span> <span class='ocrx_word' id='word_1_127' title='bbox 874 2041 1049 2103; x_wconf 86' lang='lat' dir='ltr'>abdicantur</span> <span class='ocrx_word' id='word_1_128' title='bbox 1059 2045 1176 2104; x_wconf 82' lang='lat' dir='ltr'>tantum</span> 
     </span>
     <span class='ocr_line' id='line_1_20' title="bbox 207 2131 1176 2214; baseline 0.001 -22"><span class='ocrx_word' id='word_1_129' title='bbox 207 2149 256 2194; x_wconf 92' lang='lat' dir='ltr'>res</span> <span class='ocrx_word' id='word_1_130' title='bbox 276 2141 406 2194; x_wconf 76' lang='lat' dir='ltr'>externae</span> <span class='ocrx_word' id='word_1_131' title='bbox 421 2151 489 2214; x_wconf 82' lang='lat' dir='ltr'>quae</span> <span class='ocrx_word' id='word_1_132' title='bbox 511 2133 633 2194; x_wconf 87' lang='lat' dir='ltr'>nomine</span> <span class='ocrx_word' id='word_1_133' title='bbox 647 2131 823 2193; x_wconf 80' lang='lat' dir='ltr'>diuitiarum</span> <span class='ocrx_word' id='word_1_134' title='bbox 837 2132 933 2192; x_wconf 85' lang='lat' dir='ltr'>solent</span> <span class='ocrx_word' id='word_1_135' title='bbox 952 2133 1130 2210; x_wconf 87' lang='lat' dir='ltr'>nuncupari,</span> <span class='ocrx_word' id='word_1_136' title='bbox 1147 2139 1176 2193; x_wconf 84' lang='lat' dir='ltr'>et</span> 
     </span>
     <span class='ocr_line' id='line_1_21' title="bbox 207 2219 1175 2304; baseline -0.001 -21"><span class='ocrx_word' id='word_1_137' title='bbox 207 2219 469 2302; x_wconf 88' lang='lat' dir='ltr'>comprehendunt</span> <span class='ocrx_word' id='word_1_138' title='bbox 488 2229 553 2283; x_wconf 85' lang='lat' dir='ltr'>tum</span> <span class='ocrx_word' id='word_1_139' title='bbox 568 2221 711 2303; x_wconf 89' lang='lat' dir='ltr'>pecunias</span> <span class='ocrx_word' id='word_1_140' title='bbox 733 2225 797 2282; x_wconf 86' lang='lat' dir='ltr'>tum</span> <span class='ocrx_word' id='word_1_141' title='bbox 812 2219 869 2280; x_wconf 89' lang='lat' dir='ltr'>alia</span> <span class='ocrx_word' id='word_1_142' title='bbox 888 2238 956 2300; x_wconf 80' lang='lat' dir='ltr'>quae</span> <span class='ocrx_word' id='word_1_143' title='bbox 971 2219 1099 2299; x_wconf 79' lang='lat' dir='ltr'>pecunia</span> <span class='ocrx_word' id='word_1_144' title='bbox 1119 2239 1175 2304; x_wconf 60' lang='lat' dir='ltr'>aas·</span> 
     </span>
     <span class='ocr_line' id='line_1_22' title="bbox 207 2307 1177 2391; baseline -0.004 -19"><span class='ocrx_word' id='word_1_145' title='bbox 207 2309 303 2372; x_wconf 82' lang='lat' dir='ltr'>limari</span> <span class='ocrx_word' id='word_1_146' title='bbox 319 2327 355 2372; x_wconf 87' lang='lat' dir='ltr'>ac</span> <span class='ocrx_word' id='word_1_147' title='bbox 367 2311 534 2391; x_wconf 86' lang='lat' dir='ltr'>comparari</span> <span class='ocrx_word' id='word_1_148' title='bbox 549 2317 685 2391; x_wconf 79' lang='lat' dir='ltr'>possunt,</span> <span class='ocrx_word' id='word_1_149' title='bbox 701 2315 751 2370; x_wconf 91' lang='lat' dir='ltr'>aut</span> <span class='ocrx_word' id='word_1_150' title='bbox 765 2308 902 2389; x_wconf 73' lang='lat' dir='ltr'>pecuniae</span> <span class='ocrx_word' id='word_1_151' title='bbox 917 2307 1068 2368; x_wconf 75' lang='lat' dir='ltr'>inormiter</span> <span class='ocrx_word' id='word_1_152' title='bbox 1082 2309 1177 2388; x_wconf 77' lang='lat' dir='ltr'>tentri-</span> 
     </span>
     <span class='ocr_line' id='line_1_23' title="bbox 206 2395 1175 2479; baseline 0.001 -21"><span class='ocrx_word' id='word_1_153' title='bbox 206 2397 329 2460; x_wconf 86' lang='lat' dir='ltr'>valere:</span> <span class='ocrx_word' id='word_1_154' title='bbox 349 2420 364 2456; x_wconf 80' lang='lat' dir='ltr'>a</span> <span class='ocrx_word' id='word_1_155' title='bbox 384 2398 493 2461; x_wconf 87' lang='lat' dir='ltr'>horum</span> <span class='ocrx_word' id='word_1_156' title='bbox 508 2416 618 2479; x_wconf 84' lang='lat' dir='ltr'>nempe</span> <span class='ocrx_word' id='word_1_157' title='bbox 633 2398 781 2460; x_wconf 87' lang='lat' dir='ltr'>bonorum</span> <span class='ocrx_word' id='word_1_158' title='bbox 798 2397 901 2477; x_wconf 83' lang='lat' dir='ltr'>copia,</span> <span class='ocrx_word' id='word_1_159' title='bbox 918 2395 1013 2476; x_wconf 83' lang='lat' dir='ltr'>inquit</span> <span class='ocrx_word' id='word_1_160' title='bbox 1029 2398 1062 2456; x_wconf 82' lang='lat' dir='ltr'>l).</span> <span class='ocrx_word' id='word_1_161' title='bbox 1081 2398 1175 2458; x_wconf 87' lang='lat' dir='ltr'>Bouix</span> 
     </span>
     <span class='ocr_line' id='line_1_24' title="bbox 206 2483 1173 2568; baseline 0.002 -23"><span class='ocrx_word' id='word_1_162' title='bbox 206 2507 221 2545; x_wconf 75' lang='lat' dir='ltr'>a</span> <span class='ocrx_word' id='word_1_163' title='bbox 246 2487 300 2566; x_wconf 81' lang='lat' dir='ltr'>(lte</span> <span class='ocrx_word' id='word_1_164' title='bbox 314 2486 468 2568; x_wconf 59' lang='lat' dir='ltr'>nepetae,</span> <span class='ocrx_word' id='word_1_165' title='bbox 482 2495 556 2549; x_wconf 88' lang='lat' dir='ltr'>torn.</span> <span class='ocrx_word' id='word_1_166' title='bbox 573 2491 602 2557; x_wconf 78' lang='lat' dir='ltr'>l,</span> <span class='ocrx_word' id='word_1_167' title='bbox 614 2505 645 2566; x_wconf 94' lang='lat' dir='ltr'>p.</span> <span class='ocrx_word' id='word_1_168' title='bbox 662 2490 712 2562; x_wconf 77' lang='lat'>89,</span> <span class='ocrx_word' id='word_1_169' title='bbox 728 2489 811 2563; x_wconf 80' lang='lat' dir='ltr'>etc),</span> <span class='ocrx_word' id='word_1_170' title='bbox 826 2484 980 2546; x_wconf 89' lang='lat' dir='ltr'>hominem</span> <span class='ocrx_word' id='word_1_171' title='bbox 994 2483 1127 2554; x_wconf 79' lang='lat' dir='ltr'>diuitem,</span> <span class='ocrx_word' id='word_1_172' title='bbox 1142 2487 1173 2547; x_wconf 90' lang='lat' dir='ltr'>in</span> 
     </span>
     <span class='ocr_line' id='line_1_25' title="bbox 206 2573 1173 2658; baseline 0.001 -24"><span class='ocrx_word' id='word_1_173' title='bbox 206 2577 369 2658; x_wconf 72' lang='lat' dir='ltr'>»proprio</span> <span class='ocrx_word' id='word_1_174' title='bbox 393 2575 484 2654; x_wconf 90' lang='lat' dir='ltr'>hujus</span> <span class='ocrx_word' id='word_1_175' title='bbox 506 2573 641 2637; x_wconf 84' lang='lat' dir='ltr'>vocabuli</span> <span class='ocrx_word' id='word_1_176' title='bbox 670 2592 780 2649; x_wconf 84' lang='lat' dir='ltr'>sensu,</span> <span class='ocrx_word' id='word_1_177' title='bbox 809 2573 918 2650; x_wconf 84' lang='lat' dir='ltr'>efficit,</span> <span class='ocrx_word' id='word_1_178' title='bbox 946 2579 976 2634; x_wconf 88' lang='lat' dir='ltr'>et</span> <span class='ocrx_word' id='word_1_179' title='bbox 1004 2591 1039 2633; x_wconf 86' lang='lat' dir='ltr'>ex</span> <span class='ocrx_word' id='word_1_180' title='bbox 1066 2591 1173 2638; x_wconf 89' lang='lat' dir='ltr'>eorum</span> 
     </span>
     <span class='ocr_line' id='line_1_26' title="bbox 206 2661 1174 2744; baseline 0.002 -22"><span class='ocrx_word' id='word_1_181' title='bbox 206 2683 221 2722; x_wconf 76' lang='lat' dir='ltr'>n</span> <span class='ocrx_word' id='word_1_182' title='bbox 246 2665 377 2726; x_wconf 79' lang='lat' dir='ltr'>carentia</span> <span class='ocrx_word' id='word_1_183' title='bbox 387 2666 456 2727; x_wconf 76' lang='lat' dir='ltr'>vere</span> <span class='ocrx_word' id='word_1_184' title='bbox 469 2671 498 2726; x_wconf 87' lang='lat' dir='ltr'>et</span> <span class='ocrx_word' id='word_1_185' title='bbox 508 2663 629 2744; x_wconf 79' lang='lat' dir='ltr'>proprie</span> <span class='ocrx_word' id='word_1_186' title='bbox 639 2681 752 2744; x_wconf 81' lang='lat' dir='ltr'>pauper</span> <span class='ocrx_word' id='word_1_187' title='bbox 762 2662 984 2724; x_wconf 71' lang='lat' dir='ltr'>constituitur.»</span> <span class='ocrx_word' id='word_1_188' title='bbox 999 2661 1174 2724; x_wconf 82' lang='lat' dir='ltr'>Videatiam</span> 
     </span>
     <span class='ocr_line' id='line_1_27' title="bbox 207 2751 696 2829; baseline 0 -18"><span class='ocrx_word' id='word_1_189' title='bbox 207 2751 355 2829; x_wconf 77' lang='lat' dir='ltr'>Cernere,</span> <span class='ocrx_word' id='word_1_190' title='bbox 371 2751 564 2825; x_wconf 67' lang='lat' dir='ltr'>Delmatici,</span> <span class='ocrx_word' id='word_1_191' title='bbox 580 2760 614 2812; x_wconf 77' lang='lat' dir='ltr'>n⁹</span> <span class='ocrx_word' id='word_1_192' title='bbox 629 2754 696 2812; x_wconf 76' lang='lat' dir='ltr'>tufi.</span> 
     </span>
    </p>

    <p class='ocr_par' dir='ltr' id='par_1_6' title="bbox 206 2838 1173 3098">
     <span class='ocr_line' id='line_1_28' title="bbox 245 2838 1173 2922; baseline 0 -20"><span class='ocrx_word' id='word_1_193' title='bbox 245 2843 335 2904; x_wconf 71' lang='lat' dir='ltr'>atria.</span> <span class='ocrx_word' id='word_1_194' title='bbox 358 2842 491 2914; x_wconf 87' lang='lat' dir='ltr'>Quatuor</span> <span class='ocrx_word' id='word_1_195' title='bbox 504 2847 605 2902; x_wconf 85' lang='lat' dir='ltr'>autem</span> <span class='ocrx_word' id='word_1_196' title='bbox 621 2838 731 2920; x_wconf 78' lang='lat' dir='ltr'>gradus</span> <span class='ocrx_word' id='word_1_197' title='bbox 750 2839 932 2920; x_wconf 82' lang='lat' dir='ltr'>paupertatis</span> <span class='ocrx_word' id='word_1_198' title='bbox 944 2838 1086 2920; x_wconf 82' lang='lat' dir='ltr'>distingui</span> <span class='ocrx_word' id='word_1_199' title='bbox 1102 2859 1173 2922; x_wconf 87' lang='lat' dir='ltr'>pns-</span> 
     </span>
     <span class='ocr_line' id='line_1_29' title="bbox 206 2927 1173 3009; baseline 0.001 -18"><span class='ocrx_word' id='word_1_200' title='bbox 206 2935 277 2991; x_wconf 84' lang='lat' dir='ltr'>sunt</span> <span class='ocrx_word' id='word_1_201' title='bbox 291 2947 299 2990; x_wconf 92' lang='lat'><strong>:</strong></span> <span class='ocrx_word' id='word_1_202' title='bbox 315 2929 436 2992; x_wconf 86' lang='lat' dir='ltr'>Primus</span> <span class='ocrx_word' id='word_1_203' title='bbox 450 2937 494 2992; x_wconf 89' lang='lat' dir='ltr'>est</span> <span class='ocrx_word' id='word_1_204' title='bbox 507 2929 572 3008; x_wconf 86' lang='lat' dir='ltr'>ejus</span> <span class='ocrx_word' id='word_1_205' title='bbox 592 2929 642 3009; x_wconf 87' lang='lat' dir='ltr'>qui</span> <span class='ocrx_word' id='word_1_206' title='bbox 660 2946 716 2990; x_wconf 89' lang='lat' dir='ltr'>nee</span> <span class='ocrx_word' id='word_1_207' title='bbox 730 2928 809 2990; x_wconf 80' lang='lat' dir='ltr'>licite</span> <span class='ocrx_word' id='word_1_208' title='bbox 825 2947 879 2990; x_wconf 88' lang='lat' dir='ltr'>nec</span> <span class='ocrx_word' id='word_1_209' title='bbox 893 2927 987 2989; x_wconf 79' lang='lat' dir='ltr'>aalide</span> <span class='ocrx_word' id='word_1_210' title='bbox 1002 2937 1099 3009; x_wconf 84' lang='lat' dir='ltr'>potest</span> <span class='ocrx_word' id='word_1_211' title='bbox 1117 2929 1173 2992; x_wconf 86' lang='lat' dir='ltr'>ha-</span> 
     </span>
     <span class='ocr_line' id='line_1_30' title="bbox 206 3011 1063 3098; baseline -0.004 -18"><span class='ocrx_word' id='word_1_212' title='bbox 206 3014 277 3080; x_wconf 86' lang='lat' dir='ltr'>bere</span> <span class='ocrx_word' id='word_1_213' title='bbox 291 3015 479 3093; x_wconf 86' lang='lat' dir='ltr'>dominium,</span> <span class='ocrx_word' id='word_1_214' title='bbox 495 3035 594 3098; x_wconf 90' lang='lat' dir='ltr'>neque</span> <span class='ocrx_word' id='word_1_215' title='bbox 607 3017 696 3079; x_wconf 87' lang='lat' dir='ltr'>rebus</span> <span class='ocrx_word' id='word_1_216' title='bbox 709 3023 852 3096; x_wconf 87' lang='lat' dir='ltr'>tanquam</span> <span class='ocrx_word' id='word_1_217' title='bbox 867 3011 1063 3096; x_wconf 83' lang='lat' dir='ltr'>propriis&#39;uti.</span> 
     </span>
    </p>

    <p class='ocr_par' dir='ltr' id='par_1_7' title="bbox 205 3103 1173 3345">
     <span class='ocr_line' id='line_1_31' title="bbox 246 3103 1173 3186; baseline 0.001 -19"><span class='ocrx_word' id='word_1_218' title='bbox 246 3103 395 3168; x_wconf 80' lang='lat' dir='ltr'>Secundus</span> <span class='ocrx_word' id='word_1_219' title='bbox 414 3105 479 3182; x_wconf 74' lang='lat' dir='ltr'>eJus</span> <span class='ocrx_word' id='word_1_220' title='bbox 499 3106 549 3186; x_wconf 83' lang='lat' dir='ltr'>qui</span> <span class='ocrx_word' id='word_1_221' title='bbox 565 3105 734 3167; x_wconf 88' lang='lat' dir='ltr'>dominium</span> <span class='ocrx_word' id='word_1_222' title='bbox 753 3111 850 3186; x_wconf 90' lang='lat' dir='ltr'>potest</span> <span class='ocrx_word' id='word_1_223' title='bbox 869 3105 991 3185; x_wconf 86' lang='lat' dir='ltr'>quidem</span> <span class='ocrx_word' id='word_1_224' title='bbox 1010 3105 1106 3168; x_wconf 78' lang='lat' dir='ltr'>aalide</span> <span class='ocrx_word' id='word_1_225' title='bbox 1119 3105 1173 3168; x_wconf 89' lang='lat' dir='ltr'>ha-</span> 
     </span>
     <span class='ocr_line' id='line_1_32' title="bbox 205 3192 1173 3278; baseline 0.002 -22"><span class='ocrx_word' id='word_1_226' title='bbox 205 3192 297 3271; x_wconf 87' lang='lat' dir='ltr'>bere,</span> <span class='ocrx_word' id='word_1_227' title='bbox 316 3192 370 3256; x_wconf 80' lang='lat' dir='ltr'>sed</span> <span class='ocrx_word' id='word_1_228' title='bbox 390 3209 452 3255; x_wconf 91' lang='lat' dir='ltr'>non</span> <span class='ocrx_word' id='word_1_229' title='bbox 466 3200 563 3275; x_wconf 89' lang='lat' dir='ltr'>potest</span> <span class='ocrx_word' id='word_1_230' title='bbox 576 3193 674 3269; x_wconf 70' lang='lat' dir='ltr'>licite,</span> <span class='ocrx_word' id='word_1_231' title='bbox 692 3209 748 3256; x_wconf 87' lang='lat' dir='ltr'>nec</span> <span class='ocrx_word' id='word_1_232' title='bbox 771 3195 815 3256; x_wconf 91' lang='lat' dir='ltr'>uti</span> <span class='ocrx_word' id='word_1_233' title='bbox 828 3194 903 3256; x_wconf 83' lang='lat' dir='ltr'>valet</span> <span class='ocrx_word' id='word_1_234' title='bbox 923 3195 1013 3257; x_wconf 89' lang='lat' dir='ltr'>rebus</span> <span class='ocrx_word' id='word_1_235' title='bbox 1027 3201 1173 3278; x_wconf 82' lang='lat' dir='ltr'>tanquam</span> 
     </span>
     <span class='ocr_line' id='line_1_33' title="bbox 205 3297 280 3345; baseline -0.053 0"><span class='ocrx_word' id='word_1_236' title='bbox 205 3297 280 3345; x_wconf 80' lang='lat' dir='ltr'>suis.</span> 
     </span>
    </p>

    <p class='ocr_par' dir='ltr' id='par_1_8' title="bbox 205 3368 1174 3631">
     <span class='ocr_line' id='line_1_34' title="bbox 250 3368 1173 3453; baseline 0.005 -22"><span class='ocrx_word' id='word_1_237' title='bbox 250 3368 367 3432; x_wconf 80' lang='lat' dir='ltr'>Tertius</span> <span class='ocrx_word' id='word_1_238' title='bbox 380 3375 425 3432; x_wconf 90' lang='lat' dir='ltr'>est</span> <span class='ocrx_word' id='word_1_239' title='bbox 446 3370 471 3432; x_wconf 90' lang='lat' dir='ltr'>si</span> <span class='ocrx_word' id='word_1_240' title='bbox 492 3369 561 3452; x_wconf 86' lang='lat' dir='ltr'>quie</span> <span class='ocrx_word' id='word_1_241' title='bbox 580 3372 674 3453; x_wconf 84' lang='lat' dir='ltr'>possit</span> <span class='ocrx_word' id='word_1_242' title='bbox 687 3371 781 3432; x_wconf 81' lang='lat' dir='ltr'>valide</span> <span class='ocrx_word' id='word_1_243' title='bbox 802 3377 833 3432; x_wconf 87' lang='lat' dir='ltr'>et</span> <span class='ocrx_word' id='word_1_244' title='bbox 851 3371 930 3434; x_wconf 77' lang='lat' dir='ltr'>licite</span> <span class='ocrx_word' id='word_1_245' title='bbox 949 3371 1060 3435; x_wconf 87' lang='lat' dir='ltr'>habere</span> <span class='ocrx_word' id='word_1_246' title='bbox 1073 3373 1173 3436; x_wconf 84' lang='lat' dir='ltr'>domt-</span> 
     </span>
     <span class='ocr_line' id='line_1_35' title="bbox 206 3457 1174 3545; baseline 0.012 -29"><span class='ocrx_word' id='word_1_247' title='bbox 206 3459 303 3530; x_wconf 85' lang='lat' dir='ltr'>nium,</span> <span class='ocrx_word' id='word_1_248' title='bbox 319 3457 371 3519; x_wconf 90' lang='lat' dir='ltr'>sed</span> <span class='ocrx_word' id='word_1_249' title='bbox 387 3466 517 3540; x_wconf 88' lang='lat' dir='ltr'>nequeat</span> <span class='ocrx_word' id='word_1_250' title='bbox 530 3459 607 3522; x_wconf 82' lang='lat' dir='ltr'>licite</span> <span class='ocrx_word' id='word_1_251' title='bbox 622 3461 663 3521; x_wconf 89' lang='lat' dir='ltr'>uti</span> <span class='ocrx_word' id='word_1_252' title='bbox 677 3461 918 3541; x_wconf 87' lang='lat' dir='ltr'>rebustanquam</span> <span class='ocrx_word' id='word_1_253' title='bbox 933 3463 1076 3545; x_wconf 74' lang='lat' dir='ltr'>propriis3</span> <span class='ocrx_word' id='word_1_254' title='bbox 1090 3463 1174 3528; x_wconf 86' lang='lat' dir='ltr'>unde</span> 
     </span>
     <span class='ocr_line' id='line_1_36' title="bbox 205 3541 1170 3631; baseline 0.008 -27"><span class='ocrx_word' id='word_1_255' title='bbox 205 3541 324 3606; x_wconf 85' lang='lat' dir='ltr'>abdicat</span> <span class='ocrx_word' id='word_1_256' title='bbox 335 3543 478 3608; x_wconf 85' lang='lat' dir='ltr'>duntaxat</span> <span class='ocrx_word' id='word_1_257' title='bbox 495 3565 583 3609; x_wconf 92' lang='lat' dir='ltr'>usum</span> <span class='ocrx_word' id='word_1_258' title='bbox 595 3548 686 3624; x_wconf 76' lang='lat' dir='ltr'>juris,</span> <span class='ocrx_word' id='word_1_259' title='bbox 711 3567 764 3610; x_wconf 86' lang='lat' dir='ltr'>seu</span> <span class='ocrx_word' id='word_1_260' title='bbox 779 3567 867 3610; x_wconf 89' lang='lat' dir='ltr'>usum</span> <span class='ocrx_word' id='word_1_261' title='bbox 892 3549 1145 3631; x_wconf 82' lang='lat' dir='ltr'>independentem</span> <span class='ocrx_word' id='word_1_262' title='bbox 1162 3571 1170 3612; x_wconf 72' lang='grc' dir='ltr'><strong><em>ε</em></strong></span> 
     </span>
    </p>
   </div>
   <div class='ocr_carea' id='block_1_5' title="bbox 205 3629 1173 3782">
    <p class='ocr_par' dir='ltr' id='par_1_9' title="bbox 205 3629 1173 3782">
     <span class='ocr_line' id='line_1_37' title="bbox 205 3629 1173 3775; baseline 0.014 -85"><span class='ocrx_word' id='word_1_263' title='bbox 205 3629 279 3775; x_wconf 60' lang='lat' dir='ltr'>dales</span> <span class='ocrx_word' id='word_1_264' title='bbox 291 3640 362 3694; x_wconf 84' lang='lat' dir='ltr'>sunt</span> <span class='ocrx_word' id='word_1_265' title='bbox 374 3635 427 3714; x_wconf 87' lang='lat' dir='ltr'>qui</span> <span class='ocrx_word' id='word_1_266' title='bbox 447 3643 550 3698; x_wconf 83' lang='lat' dir='ltr'>votum</span> <span class='ocrx_word' id='word_1_267' title='bbox 569 3635 812 3700; x_wconf 86' lang='lat' dir='ltr'>scholasticorum</span> <span class='ocrx_word' id='word_1_268' title='bbox 825 3639 966 3700; x_wconf 84' lang='lat' dir='ltr'>emittunt</span> <span class='ocrx_word' id='word_1_269' title='bbox 979 3639 1010 3700; x_wconf 88' lang='lat' dir='ltr'>in</span> <span class='ocrx_word' id='word_1_270' title='bbox 1024 3639 1173 3706; x_wconf 80' lang='lat' dir='ltr'>Societata</span> 
     </span>
     <span class='ocr_line' id='line_1_38' title="bbox 225 3732 289 3782; baseline 0.047 -5"><span class='ocrx_word' id='word_1_271' title='bbox 225 3732 289 3782; x_wconf 87' lang='lat' dir='ltr'>esu.</span> 
     </span>
    </p>
   </div>
   <div class='ocr_carea' id='block_1_6' title="bbox 0 0 1272 3996">
    <p class='ocr_par' dir='ltr' id='par_1_10' title="bbox 0 0 1272 3996">
     <span class='ocr_line' id='line_1_39' title="bbox 0 0 1272 3996; baseline 0 0"><span class='ocrx_word' id='word_1_272' title='bbox 0 0 1272 3996; x_wconf 95' lang='lat' dir='ltr'> </span> 
     </span>
    </p>
   </div>
  </div>
 </body>
</html>
