2550 3992
463 283 548 328 crana
567 283 724 330 succubus.
1021 273 1074 330 ott

105 379 213 444 licere:
228 383 300 464 quia
314 400 351 446 ex
366 383 451 446 Bulla
465 385 583 448 Martini
594 388 618 443 V
630 383 681 448 Ad
692 387 829 450 evitanda
843 385 1000 464 seoada”*‚
1012 387 1080 450 licet

104 489 176 534 cum
191 472 458 536 excommunicatis
468 473 600 538 toleratis
609 493 664 538 seu
675 493 737 538 non
750 477 934 541 denuntiatis
946 494 1081 542 commu-

107 578 219 624 nicare.
878 588 880 591 ’

147 651 177 714 Si
200 652 366 733 posterius,
391 652 585 716 communior
608 653 756 717 sententia
773 660 856 718 tenet
876 655 993 718 licitum
1016 673 1081 718 esse

105 757 176 802 cnm
195 741 246 802 tali
274 759 386 824 sponso
408 741 605 818 contrahere,
628 741 652 806 si
673 741 750 806 adsit
773 747 850 808 ratio
872 742 1041 820 sufficiens,
1056 744 1080 806 si

105 846 217 911 nempe
230 828 305 892 alter
324 847 454 912 sponsus
475 830 540 892 sine
558 832 638 912 gravi
663 831 858 895 incommodo
877 851 939 895 non
954 834 1081 914 possetis

106 919 300 982 matrimonio
314 919 463 982 recedere.
476 922 518 981 lta
529 921 559 982 S.
571 921 706 999 Lignor,
715 921 767 982 lih.
776 925 796 985 6
806 969 814 999 ,
826 925 905 986 n⁰55
916 941 925 996 ;
937 922 1080 984 instruct.

107 1005 194 1070 Card.
215 1009 344 1090 Caprara
363 1029 419 1090 pro
441 1008 652 1072 renalt'datt'oae
675 1009 931 1072 matrimoniorum
956 1017 1083 1091 tempore

105 1097 338 1180 perturbationis
357 1097 517 1163 Gallicanae
537 1108 763 1162 contractorum.
782 1101 851 1180 (Ap.
867 1098 1011 1180 Theolog.
1028 1101 1085 1160 To·

108 1185 217 1262 losan,
232 1185 268 1250 de
281 1187 469 1266 Matrinum,
484 1187 607 1270 append.
623 1187 658 1250 de
672 1187 809 1260 rivalta,
825 1188 856 1250 in
871 1187 957 1267 tine.)

147 1279 235 1339 3219.
260 1277 402 1339 Similiter
415 1277 470 1338 etsi
485 1277 652 1358 generatim
666 1276 703 1338 sit
716 1277 840 1339 vetitum
855 1277 1083 1342 matrimonium

107 1365 284 1428 contrahere
296 1385 365 1430 cum
379 1366 543 1440 haereticis,
554 1375 586 1428 ut
596 1373 676 1448 patet
689 1385 723 1428 ex
737 1366 871 1428 Concilio
886 1366 1081 1446 Chalcedon,

109 1461 166 1516 act.
186 1459 241 1532 15,
256 1474 324 1518 can.
343 1461 397 1528 tt,
414 1463 443 1518 el
461 1455 564 1517 multis
580 1455 645 1517 aliis
658 1454 850 1519 documentis
864 1456 882 1516 h
896 1457 932 1517 D.
948 1457 1084 1519 Carridre

110 1543 210 1605 relatis
225 1543 284 1624 (De
297 1544 444 1615 Macrim..
468 1554 501 1606 n⁰
520 1547 608 1620 rat),
629 1551 760 1606 attamen
780 1562 852 1606 cum
870 1545 950 1624 justa
972 1548 1081 1622 causa,

110 1631 184 1694 illud
198 1641 242 1696 est
256 1633 370 1697 licitum
384 1634 436 1712 lib.
452 1635 533 1716 755).
556 1634 620 1696 lmb
640 1634 671 1696 S.
689 1633 810 1714 liguor.
826 1651 896 1696 cum
911 1633 976 1695 aliis
990 1634 1084 1714 pluri·

111 1719 168 1783 bus
189 1721 260 1786 dicit
282 1722 367 1785 valde
390 1723 545 1805 probabile
559 1741 624 1786 esse
637 1721 721 1804 qudd
744 1723 775 1784 in
790 1721 863 1784 locis
880 1721 931 1785 ubi
952 1721 1084 1785 haeretici
1136 1797 1141 1804 Ι

110 1809 213 1873 visunt
226 1812 309 1874 mixti
324 1830 394 1874 curn
409 1813 576 1888 catholicis,
588 1820 622 1874 ut
632 1812 663 1874 in
673 1811 849 1888 Germania,
859 1810 1000 1886 Polonia,
1011 1818 1082 1886 ete,

111 1898 225 1962 licitum
240 1903 278 1964 sil
291 1920 361 1965 cum
377 1901 434 1964 illis
451 1903 569 1984 nuptias
583 1902 659 1964 inire
677 1920 714 1964 ex
733 1899 953 1964 consuetudine
966 1901 1084 1982 recepllt

110 1995 142 2051 et
153 1989 292 2067 tolerata;
304 1991 395 2054 modd
404 1989 639 2074 quatuoradsint
651 1990 838 2054 conditiones
850 2009 857 2050 :
871 1993 902 2050 l⁹
915 1989 952 2050 sit
962 1988 1085 2051 libertos

111 2078 188 2160 parti
202 2079 354 2144 catholicae
368 2080 398 2143 in
413 2085 467 2143 suh
481 2081 539 2143 lide
550 2080 746 2164 permanendi
758 2099 766 2156 ;
782 2083 814 2140 2⁰
828 2077 904 2140 absit
916 2079 1084 2160 periculum

112 2169 311 2248 pcrrcrsionis
326 2190 334 2245 ;
351 2173 381 2232 3·
394 2169 482 2233 detur
495 2170 615 2234 libertas
629 2170 745 2252 prolem
759 2167 904 2232 catholica
917 2166 1083 2244 educandi;

111 2259 145 2316 4⁰
158 2255 196 2318 sit
209 2256 329 2321 dihicile
349 2278 453 2341 parem
468 2261 545 2322 inter
558 2259 719 2322 catholicos
738 2258 894 2320 invenire:
910 2275 1041 2338 quorum
1060 2258 1083 2322 si

111 2363 210 2408 unum
225 2346 315 2422 desit,
332 2366 393 2410 non
409 2347 518 2410 licebit.

153 2437 187 2497 ln
201 2437 280 2498 tlrevi
292 2443 329 2500 ad
345 2436 610 2518 hratriepiscopum
618 2434 876 2512 mechliniensem,
890 2433 1086 2500 haecPiusVl

112 2525 298 2607 prescribit:
319 2527 385 2590 «Ut
407 2535 436 2588 et
456 2525 520 2607 ipse
540 2524 721 2588 contrahens
733 2521 897 2585 catholicus
910 2522 1086 2587 declaratio·

112 2638 128 2674 a
156 2632 225 2676 nem
243 2615 347 2677 edatis
370 2633 403 2678 se
424 2621 455 2676 et
471 2613 591 2677 duobus
610 2613 734 2675 testibus
747 2611 964 2692 subscriptam,
981 2612 1011 2672 in
1026 2615 1087 2694 qul

111 2725 128 2762 a
154 2720 225 2765 cum
246 2707 416 2783 juramento
437 2704 614 2786 promittat,
644 2719 706 2764 non
735 2702 852 2763 tantbm
875 2717 908 2762 se
928 2719 1087 2782 nunquam

114 2787 129 2853 a
155 2795 390 2874 apostatarumh
412 2792 557 2875 religione
575 2795 629 2854 suh
642 2789 807 2864 catholica,
823 2788 876 2852 sed
889 2789 1087 2854 educaturum

114 2905 129 2942 n
156 2883 186 2942 in
208 2881 271 2962 ipsa
284 2899 409 2944 omnem
423 2883 540 2964 prolem
554 2881 753 2956 nascituram,
768 2885 798 2942 et
811 2888 1040 2961 procumturum
1054 2899 1087 2945 se

113 2994 129 3030 a
156 2968 1084 3034 etlicaciterconversioncmalteriuscontrahentisaratholioi.s

114 3060 216 3142 (apud
230 3061 383 3137 Carriere,
398 3059 453 3129 it..
470 3070 504 3121 n⁰
517 3063 600 3140 758.)

156 3153 245 3213 3220.
272 3171 288 3208 a
309 3149 339 3212 Si
362 3149 609 3228 matrimonium,
626 3148 723 3232 inquit
744 3147 824 3212 idem
847 3149 999 3225 Pontifex,
1017 3167 1089 3213 cum

115 3261 131 3299 a
156 3237 320 3301 acatholica
336 3240 400 3320 iam
416 3237 504 3301 luerit
518 3239 618 3302 illicite
637 3247 843 3316 contractum,
857 3239 953 3300 valide
967 3245 1086 3302 mmen:

115 3351 132 3390 a
157 3327 181 3389 si
202 3346 271 3408 pars
290 3327 436 3391 catholica
457 3328 643 3390 demonstret
660 3329 804 3410 poenitcre
820 3346 853 3391 se
874 3328 1090 3410 peccaminosa

115 3440 132 3480 a
157 3417 393 3496 conjunctionis,
409 3416 448 3480 ad
471 3417 727 3500 participationem
752 3419 1015 3480 sacramentorum
1036 3417 1090 3479 ad·

116 3529 132 3566 a
159 3506 233 3584 mitti
250 3507 376 3588 polerit,
394 3505 486 3569 modo
505 3515 575 3570 ante
595 3506 816 3570 confessionem
830 3506 947 3567 sincere
960 3505 1092 3568 declaret

117 3617 133 3654 s
157 3605 388 3678 procuraturum
403 3615 435 3658 se
457 3597 685 3659 conversionem
708 3597 847 3676 conjugis
861 3593 1027 3670 haercticae;
1044 3613 1091 3658 re·

118 3705 134 3745 ι
160 3701 270 3746 novare
284 3702 317 3746 se
329 3685 561 3767 promissionem
574 3684 613 3748 de
628 3684 786 3748 educanda
804 3684 888 3768 prole
902 3684 933 3745 in
947 3683 1092 3766 religione

909 3787 993 3849 W*
