2550 3992
461 301 547 347 maen
568 300 725 347 sucunous.
1029 279 1088 341 653
1165 307 1173 320 ·
1272 321 1273 328 κ

112 395 207 459 aalide
220 397 318 461 tribus
333 397 432 462 modis
448 399 510 462 fieri
527 405 624 481 potest
641 418 648 459 :
665 397 847 460 immersione
861 412 991 476 nempe,
1005 393 1087 473 insn-

110 485 190 547 eione
209 494 239 548 et
257 489 447 569 aspersione:
466 511 480 548 n
495 489 614 550 Primus
629 495 729 550 umen
748 494 779 551 el
793 483 944 550 secundus
959 482 1087 560 modus,

110 596 126 634 a
151 575 202 656 qui
218 576 314 657 nlagis
328 584 397 638 sunl
416 577 445 639 in
462 597 537 652 usu,
554 577 652 660 inquit
667 577 798 654 bitume,
819 593 875 658 pro
893 571 1087 636 eeclesiarum

109 686 126 723 u
149 665 368 728 consuetudine
385 667 579 729 retineantur.
591 689 606 726 a

151 757 241 816 3257.
267 753 387 818 elblulio
401 753 465 817 fieri
478 755 568 817 debet
581 756 619 817 ab
633 774 670 819 eo
683 755 735 838 qui
749 754 877 817 toeniam
892 752 1023 836 prolert3
1038 767 1087 814 ae·

109 861 164 906 eus
184 843 284 906 nullus
305 850 384 906 esset
413 843 599 926 Baptismus,
614 845 728 928 quippo
749 851 823 906 tuno
842 861 911 906 vara
929 861 989 905 uon
1010 844 1089 905 esset

111 931 210 995 lorlna
226 951 234 994 ε
251 933 317 1014 Epo
332 942 360 995 le
374 931 502 1015 baptizo,
522 942 578 997 eto.

149 1025 239 1084 3258.
258 1022 372 1084 llubius
381 1031 459 1084 esset
468 1023 640 1104 Baptismus
652 1023 676 1086 si
692 1023 760 1104 quis
771 1022 929 1104 projiceret
942 1019 1085 1083 infantem

109 1109 141 1172 in
155 1119 342 1191 puteumaut
356 1111 485 1188 flumen,
497 1119 526 1173 el
537 1111 877 1194 pronuntiaretlormam
889 1131 898 1188 3
910 1111 979 1172 item
990 1111 1013 1171 si
1025 1129 1087 1172 una

109 1205 227 1260 tantum
242 1199 287 1260 vel
301 1199 392 1261 altera
412 1207 495 1281 gutta
517 1201 555 1261 sit
572 1200 704 1262 adhibita
720 1221 728 1261 τ
745 1201 847 1282 plures
860 1209 960 1262 tamen
976 1199 1087 1260 habent

110 1296 142 1349 ul
157 1296 274 1350 eertum
293 1289 383 1350 talem
400 1289 600 1369 baptismum,
617 1290 640 1350 si
656 1289 808 1370 baptizans
822 1296 906 1350 motu
921 1289 1004 1369 digiti
1021 1306 1085 1348 nla-

114 1375 215 1440 llelaeli
231 1377 362 1440 ablueret
379 1387 493 1459 partem
508 1379 643 1459 corporis
657 1377 823 1459 baptizandi
835 1425 842 1452 ‚
853 1379 922 1440 lieet
934 1379 1085 1459 Tournely

108 1465 208 1528 anlliuc
221 1465 259 1528 de
274 1465 330 1529 boe
343 1465 478 1542 dullilet3
497 1465 568 1528 item
581 1466 692 1530 dubius
706 1473 752 1528 est
765 1467 936 1546 Baptismus
951 1469 973 1528 si
987 1467 1085 1529 inlatus

110 1554 220 1617 tinctus
234 1563 310 1618 esset
331 1555 430 1617 adhue
454 1556 604 1618 involutus
626 1559 681 1618 sua
702 1555 869 1618 secundina
881 1575 890 1632 ,·
910 1555 962 1616 sed
985 1557 1086 1619 nullus

109 1653 186 1705 esset
205 1647 324 1706 certost
339 1652 435 1706 vestes
455 1648 573 1707 tantum
592 1644 719 1708 fuissent
735 1661 876 1727 aspersa.
894 1643 965 1706 Vide
988 1645 1016 1706 S.
1036 1645 1084 1706 Li-

109 1751 211 1813 gaun,
229 1733 329 1806 lua,
346 1733 547 1798 uteba-107.

149 1825 237 1885 3259.
256 1823 368 1886 Dicitur
379 1823 408 1884 iu
419 1823 536 1885 llitnnli
548 1824 674 1886 Romano
683 1843 695 1886 .·
708 1825 828 1885 «Nemo
842 1823 873 1885 iu
883 1827 969 1886 utero
982 1825 1085 1886 matris

110 1933 125 1970 o
149 1910 269 1974 clerusus
293 1912 433 1993 baptizari
454 1913 541 1975 debet
559 1935 566 1975 :
583 1913 635 1976 sed
650 1913 673 1976 si
696 1913 794 1976 iulum
807 1921 898 1994 caput
911 1913 1042 1975 emiserit
1055 1921 1085 1976 et

108 2023 124 2060 n
149 2001 316 2083 perieulum
337 2003 441 2064 mortis
461 2002 636 2078 immineat,
654 2003 816 2086 baptizetur
840 2003 870 2063 in
896 2004 1010 2084 capite:
1029 2023 1085 2068 neu

108 2112 124 2150 a
147 2100 269 2170 postea,
285 2090 309 2152 si
324 2095 405 2153 uivus
420 2092 564 2167 evaserit,
581 2094 637 2156 erit
659 2094 766 2156 iterum
787 2091 999 2174 baptizandus;
1016 2103 1046 2154 at
1059 2097 1082 2156 si

109 2201 124 2238 υ
149 2179 229 2240 uliud
246 2181 416 2244 membrum
431 2183 565 2243 emiserit
579 2230 586 2258 ,
598 2183 679 2265 quod
690 2182 809 2244 vitalem
823 2182 934 2245 indicet
948 2191 1081 2260 motum,

107 2290 123 2328 o
150 2269 180 2329 in
193 2269 253 2342 illo,
263 2271 286 2330 si
298 2271 466 2350 perieulum
477 2271 645 2352 impendat,
656 2273 868 2354 baptizetur‚et
878 2279 950 2334 luno
961 2273 984 2334 si
998 2280 1084 2334 uatus

107 2379 124 2418 a
147 2357 268 2434 vixerit,
284 2359 339 2419 erit
367 2359 423 2420 sub
450 2359 621 2422 conditione
639 2361 835 2441 baptizandus
857 2379 894 2422 eo
915 2361 1083 2442 modoque

108 2469 124 2506 a
150 2445 363 2528 supradictum
378 2455 423 2509 est
435 2467 442 2509 :
456 2448 493 2508 St
502 2469 558 2509 non
568 2469 596 2510 es
606 2449 779 2530 baptizatus,
792 2469 843 2529 epo
854 2458 880 2509 te
889 2449 1010 2530 baptizo,
1025 2459 1080 2514 ele.

107 2560 123 2598 u
148 2537 178 2598 Si
194 2538 263 2599 verb
279 2538 318 2600 ila
333 2537 613 2619 baptizatusdeinde
627 2545 764 2600 mortuus
778 2537 921 2618 prodierit
934 2555 969 2598 ex
985 2545 1080 2614 utero,

106 2649 123 2686 a
147 2625 236 2688 debet
251 2625 281 2687 in
297 2626 363 2688 looo
377 2645 463 2689 sacro
475 2627 604 2709 sepeliri.

147 2715 214 2776 »st
239 2723 333 2776 mater
357 2735 516 2797 praegnans
538 2723 658 2779 mortua
684 2714 789 2790 luerit,
818 2715 907 2778 loetus
931 2717 1082 2798 quampri-

107 2827 123 2864 ι
147 2806 234 2865 milm
253 2806 339 2866 caule
361 2805 549 2881 extrahatur;
570 2823 605 2866 ao
627 2805 652 2867 si
673 2806 757 2867 vivus
774 2804 879 2881 luerit,
903 2804 1079 2886 baptizatum

106 2915 123 2952 a
147 2892 270 2955 siluerit
285 2903 422 2956 mortuus
436 2900 466 2955 et
481 2893 621 2976 baptizari
637 2913 699 2956 nou
710 2895 855 2976 potuerit,
871 2893 902 2955 in
916 2894 983 2957 loeo
997 2913 1079 2961 sauro

106 3005 123 3042 a
148 2981 269 3063 sepeliri
286 3001 346 3044 non
362 2983 461 3044 debet.
478 3007 493 3043 n

83 3067 85 3072 ’
147 3075 236 3134 3260.
260 3071 382 3133 Dictum
397 3071 530 3134 Ritnolis
544 3073 625 3155 quod
649 3075 674 3138 si
695 3073 794 3136 iulans
807 3071 897 3138 aliud*
910 3075 1081 3137 membrum

107 3163 200 3242 quarn
215 3168 304 3242 caput
314 3169 399 3224 extra
412 3167 533 3224 uterum
545 3167 693 3241 emiserit,
712 3165 743 3226 in
759 3163 809 3225 illo
824 3163 961 3225 membro
976 3164 1012 3224 sit
1025 3164 1082 3224 sub

106 3249 279 3311 conditione
304 3249 497 3330 baptizandus
519 3252 543 3314 si
569 3253 737 3334 periculum
758 3253 934 3335 impendat,
958 3252 1079 3333 intelligi

106 3337 196 3399 debet
217 3337 255 3400 de
274 3338 487 3420 qualicumque
509 3343 667 3420 membro,
682 3343 770 3405 etiam
792 3341 887 3424 pede,
902 3339 1016 3422 digito,
1031 3359 1079 3404 aut

108 3426 165 3492 alia
186 3426 312 3487 minima
334 3429 469 3508 eorporis
486 3437 588 3511 parte3
613 3431 675 3493 imtl
698 3431 814 3494 etiamsi
838 3430 955 3491 tantiam
984 3429 1082 3492 crines

106 3523 269 3597 appareant
282 3533 289 3574 :
300 3515 371 3596 quia
380 3515 490 3579 dubius
501 3519 637 3600 pluribus
646 3520 762 3582 videtur
771 3518 1081 3600 Baptismusorinibus

107 3602 317 3666 tantummodo
331 3605 470 3681 collatus,
487 3625 616 3688 quorum
635 3611 813 3670 sententiam
834 3607 942 3670 meritb
961 3609 1025 3690 ipse
1039 3609 1081 3672 lla

108 3694 192 3764 Luuo
209 3692 395 3762 probabilem
416 3701 517 3776 putat,
536 3696 579 3767 uit
597 3697 629 3762 S.
654 3699 788 3772 Lignum,
814 3696 866 3763 lib.
891 3701 928 3773 6,
954 3715 987 3760 no
1010 3699 1079 3776 lO'l,

1176 3867 1273 3962 A
