2528 3996
450 273 537 320 narn
557 272 677 320 antuus.
996 251 1052 314 521

80 377 146 440 sind
159 379 259 438 boren
275 359 369 436 nimia
389 372 589 436 sollicitudine
606 390 614 433 ε
632 369 795 453 aliquando
818 367 982 454 prudenter
995 367 1057 430 dis·

81 464 247 540 simulans,
263 461 287 524 si
304 480 366 524 non
382 461 489 524 debeat
502 459 679 524 scandalum
693 459 825 536 exoriri,
845 457 892 521 rel
906 459 930 520 si
949 457 1058 539 praeri·

81 553 151 616 deal
164 551 317 614 subditum
330 569 369 612 ex
382 551 567 613 correctione
580 549 716 631 pejorem
739 547 824 626 fieri,
838 545 885 611 vel
899 546 924 610 si
938 553 1058 629 tompus

83 639 282 724 cripttrtunius
294 639 332 702 sit
344 638 577 722 expectandum.

477 817 632 878 Pttttcltllt
652 819 686 878 11.

179 961 216 1006 or
236 958 432 1008 oarrcanour
452 959 582 1004 aranon
605 957 780 1005 nrcrcrosuu
800 955 955 1004 cumeum.

127 1095 216 1156 28t8.
232 1093 309 1154 Sunt
322 1089 460 1152 Instituta
473 1089 623 1170 religiosa,
635 1088 724 1170 quale
733 1107 762 1150 v.
777 1108 822 1169 g„
832 1087 964 1150 Societas
976 1089 1060 1166 lesu,

87 1182 119 1244 in
141 1179 250 1261 quibus
265 1177 348 1241 nulla
372 1178 576 1260 praescribitur
596 1177 693 1239 torma
713 1175 851 1258 specialis
864 1176 985 1239 habitus
1001 1196 1009 1238 ι
1024 1176 1063 1238 de

87 1270 125 1332 iis
137 1269 186 1332 hic
200 1287 262 1330 non
276 1274 452 1349 potestesse
466 1267 604 1349 quaestio,
620 1265 673 1328 sod
686 1265 830 1328 duntaxat
843 1264 881 1327 de
895 1264 960 1327 aliis
977 1265 1062 1327 Ordi-

88 1358 179 1420 nibus
198 1355 355 1438 inquibus
372 1353 648 1419 certushabitusin
668 1354 790 1435 signum
801 1352 997 1416 Prolessionis
1015 1371 1063 1417 re·

88 1447 203 1528 ligiosae
212 1443 393 1508 deterendus
407 1445 585 1526 iniungitur.

130 1538 218 1596 2819.
242 1532 360 1616 Duplici
384 1533 476 1596 modo
495 1532 604 1596 dimitti
627 1539 725 1616 potest
746 1531 866 1593 habitus
885 1531 1062 1610 religiosus:

88 1621 306 1696 materialiter,
321 1640 351 1683 v.
367 1640 396 1702 g.
413 1621 450 1683 ad
464 1621 695 1698 dormiendum,
711 1627 763 1684 aut
784 1619 927 1681 balneum
941 1637 1064 1682 sumen-

90 1711 187 1787 dum;
202 1709 385 1792 formaliter.
402 1709 548 1772 mutando
562 1710 698 1774 habitum
712 1717 746 1774 ut
755 1717 900 1790 tanquam
909 1705 1066 1788 religiosus

90 1800 234 1882 quianon
247 1804 446 1880 agnoscatur:

133 1892 221 1951 2820.
237 1921 272 1938 -
289 1891 319 1949 l⁰
333 1887 520 1969 Regulariter
539 1885 676 1952 dimissio
698 1887 831 1952 formalis
852 1886 977 1950 babitds
998 1884 1067 1946 reli·

91 1977 169 2060 giosi
191 1976 216 2038 si
230 1975 423 2051 intremere,
438 1983 483 2039 cst
497 1984 654 2057 peceatum
669 1976 795 2040 mortale
819 1996 826 2038 ε
848 1983 878 2039 et
891 1975 950 2037 hoc
964 1979 1007 2036 est
1021 1972 1067 2036 di·

90 2065 225 2130 cendum
243 2065 332 2127 etium
356 2065 441 2128 iniis
466 2065 673 2147 Religionibus
695 2067 727 2128 in
750 2065 862 2148 quibus
884 2062 987 2146 regula
1011 2063 1068 2125 sub

91 2154 174 2236 gravi
190 2171 250 2215 non
264 2153 395 2234 obligat:
419 2153 489 2234 quia
511 2171 573 2216 non
587 2173 623 2217 ex
638 2155 743 2237 regula
758 2153 811 2218 sed
833 2172 870 2217 ex
890 2155 957 2234 iure
971 2151 1068 2214 eccle-

92 2243 212 2304 siastico
225 2243 319 2304 oritur
335 2242 399 2303 haec
412 2241 576 2323 obligatio:
593 2251 759 2306 constater
774 2263 841 2325 cap.
862 2247 899 2318 2,
920 2241 1070 2303 neoterici
1133 2251 1137 2260 '

92 2339 124 2392 et
137 2330 287 2405 mamati,
304 2329 334 2390 in
349 2335 400 2406 6⁰,
424 2330 476 2392 ubi
500 2331 781 2394 excommunicatur·
795 2332 859 2413 ipso
872 2331 950 2392 iacto
970 2329 1070 2392 omnis

92 2419 240 2500 regularis
255 2417 406 2498 protessus
419 2420 533 2480 temere
546 2418 701 2482 dimittens
714 2419 880 2501 Religionis
902 2437 964 2481 suaa
985 2418 1069 2480 habi-

94 2519 165 2571 tum
180 2527 188 2568 ·.
203 2507 475 2570 excommunicatio
489 2513 590 2569 autern
605 2509 702 2588 major
716 2507 840 2569 mortale
850 2505 992 2589 supponit
1000 2525 1070 2588 peo-

93 2605 208 2660 catum.
225 2599 268 2658 lta
281 2613 389 2658 omnes
402 2595 465 2658 bo.
479 2643 487 2674 ,
505 2595 603 2678 inquit
617 2598 742 2671 suarez,
753 2593 833 2678 apud
846 2597 883 2656 D.
900 2594 994 2655 Bouix
1005 2594 1070 2672 (ib,

95 2707 128 2770 p.
145 2688 224 2764 586).
242 2718 280 2732 -
296 2683 436 2746 Dimissio
463 2686 533 2746 verd
556 2684 718 2747 materialis
739 2701 801 2745 non
825 2691 871 2744 est
892 2690 1070 2762 peccatum,

96 2774 155 2836 nisi
169 2775 259 2836 etiam
273 2775 290 2834 ia
304 2773 408 2853 regula
424 2772 462 2834 sit
476 2772 636 2858 prohibita.

138 2866 227 2926 aaut.
252 2861 392 2923 Dimissio
416 2859 549 2923 turmalis
575 2862 666 2924 ueluti
689 2867 849 2926 temeraria
866 2868 940 2924 tunc
963 2869 1009 2924 est
1023 2861 1074 2924 ha-

96 2951 208 3014 bende.
224 2949 346 3032 quando
361 2967 423 3012 non
438 2949 471 3011 bt
484 2969 521 3012 ex
530 2950 697 3013 rationabili
711 2955 818 3027 caust;
835 2951 859 3013 si
874 2952 956 3012 enim
973 2950 1024 3013 liat
1036 2969 1072 3014 ex

97 3043 189 3104 causa
200 3040 291 3118 justa,
301 3058 330 3101 v.
346 3059 377 3120 g.
393 3045 514 3120 propter
528 3040 796 3115 necessitatemad
810 3039 953 3103 tuendam
969 3041 1072 3118 vitam,

101 3129 144 3191 rel
158 3126 309 3190 vitandam
327 3145 448 3210 gravem
462 3127 618 3190 infamiam
630 3176 638 3200 ,
649 3137 722 3192 tuno
735 3135 781 3192 cst
795 3129 875 3192 licita
889 3129 926 3191 ad
940 3136 1071 3210 tenipus.

102 3216 175 3278 Vide
190 3217 325 3278 Glossam
338 3263 347 3294 ‚
362 3218 394 3278 in
408 3235 475 3298 cap.
491 3221 526 3292 2,
542 3217 634 3280 modo
647 3219 752 3295 citato,
768 3218 815 3280 Ne
827 3217 942 3295 cleriei,
956 3226 1031 3294 etc,
1046 3225 1076 3280 ct

100 3305 132 3370 in
148 3324 214 3386 cap.
233 3304 342 3368 t'lcrr'c.
358 3309 395 3382 2,
410 3305 444 3366 de
458 3305 520 3368 vitri
533 3313 562 3368 et
575 3306 733 3377 honestate,
752 3313 809 3370 elo.

140 3392 282 3455 Dintissio
314 3391 433 3456 habitus
459 3391 590 3476 religiosi
614 3395 706 3457 etiam
733 3395 868 3458 formalis
888 3399 985 3477 potest
1011 3411 1076 3456 essa

98 3485 246 3548 duntaxat
258 3482 375 3544 reniale
390 3491 564 3564 peccatum,
579 3503 607 3546 v.
625 3504 668 3565 g,
684 3484 710 3546 si
723 3484 759 3547 ad
775 3484 983 3547 brevissimum
1003 3489 1078 3544 lem·

101 3590 159 3656 pus
173 3570 345 3651 contingat,
366 3570 405 3632 ad
424 3571 608 3651 jocandum,
629 3572 676 3635 vel
694 3573 769 3654 quid
791 3572 904 3648 simite,
925 3572 950 3633 si
971 3570 1023 3633 liat
1040 3589 1077 3634 ex

101 3667 187 3746 parte
200 3661 330 3737 tantiam,
346 3657 434 3722 itaut
448 3659 604 3741 religiosus
617 3668 651 3730 ut
663 3661 731 3728 talis
742 3663 805 3744 jam
818 3660 1074 3744 possitdignosci3
