2522 4028
199 299 264 362 -110
425 313 564 360 uantum
583 311 684 358 renus
704 312 785 359 runis
807 311 943 358 carorum

207 416 477 498 urranterpeccare
488 421 550 478 tam
564 413 687 478 ordines
696 413 865 478 exercendo
873 417 964 496 quarn
977 412 1179 496 suscipiendo,

207 523 259 568 ecs
272 506 376 586 (ctiam
390 504 552 587 regulares)
566 503 619 586 qui
637 502 778 584 ignorant
790 504 888 586 prima
902 503 1073 565 rudimenta
1087 521 1183 585 811111·

207 595 334 672 maticae,
350 595 390 655 ita
403 602 437 657 ut
451 594 587 656 nesciant
600 599 742 674 praestare
756 609 792 654 ea
805 610 875 674 quae
889 593 1042 673 pertinent
1056 592 1093 654 ad
1107 592 1184 654 ordi·

209 685 254 744 nis
267 683 463 756 exercitium,
483 681 520 744 ad
544 681 626 762 quod
648 681 812 764 requiritur
834 681 907 743 sane
930 681 1055 744 scientia
1075 681 1183 762 linguae

209 771 317 835 latinoe.
328 772 477 834 Probatur
485 790 521 833 ex
531 770 781 852 capllliterotis,
792 769 862 832 dist.
877 771 928 832 36.
942 769 1074 832 Advertit
1083 779 1180 832 autem

208 861 314 924 Palans
327 860 409 944 qudd
420 861 596 922 illatantirm
611 861 779 941 ignorantia
792 858 1042 941 irregularitatem
1057 859 1183 936 inducit,

207 969 277 1032 qnae
290 949 464 1013 exercitium
484 950 613 1030 suscepti
635 949 749 1010 ordinis
762 949 889 1010 omnino
908 948 1034 1029 impedit
1046 950 1088 1026 (S.
1105 949 1183 1029 big,

208 1038 259 1100 lib.
269 1043 299 1114 6,
309 1050 343 1101 11ο
356 1041 425 1116 191,
440 1039 558 1121 qnaerit.
576 1042 606 1099 2⁰
621 1044 650 1099 et
665 1040 720 1116 3⁰).
746 1059 761 1096 n
775 1039 842 1099 Non
857 1036 974 1100 ridetur
989 1037 1186 1119 improbabile
1248 1034 1249 1113 ζ

208 1149 223 1187 a
247 1127 497 1192 cumSancher...
508 1126 559 1208 (ait
572 1125 664 1202 idem,
675 1127 727 1188 lib.
744 1130 772 1196 6,
789 1127 858 1206 190)
872 1127 953 1207 qudd
964 1126 988 1188 si
999 1125 1186 1189 ordinandus
1247 1120 1249 1183 3

209 1238 223 1274 n
249 1233 311 1278 non
325 1216 424 1280 adbuc
437 1215 511 1279 sciat
524 1216 659 1297 linguam
674 1215 798 1277 latinam
817 1217 966 1296 quintum
980 1223 1118 1296 eportet,
1135 1216 1185 1278 sed

209 1327 223 1366 ι
248 1305 285 1369 de
307 1305 390 1368 brevi
413 1306 495 1369 certd
517 1313 654 1386 speratur
676 1303 740 1366 lore
761 1311 794 1366 ut
818 1303 965 1382 1111115111,
988 1311 1062 1367 tunc
1077 1309 1187 1386 poterit
1247 1310 1249 1367 l

208 1416 224 1452 a
248 1395 414 1476 Episcopus
426 1412 497 1457 eum
511 1393 667 1469 ordinare;
685 1392 738 1456 sed
752 1393 861 1455 melibs
874 1391 1008 1474 quidem,
1025 1411 1094 1455 rnen
1104 1394 1186 1473 judi-

209 1505 224 1542 ι
248 1484 307 1562 cio,
322 1483 410 1548 laciet
423 1483 447 1546 si
460 1501 522 1545 non
536 1481 698 1545 ordinabit.
714 1504 729 1541 r

251 1577 339 1637 1852.
362 1577 396 1635 ln
410 1572 458 1635 his
475 1571 571 1635 tribus
585 1571 676 1633 modd
691 1571 833 1652 expositis
846 1570 1117 1652 irregularitatibus
1132 1591 1187 1634 nec

210 1663 299 1725 etiam
324 1666 402 1746 Papa
424 1662 502 1725 ralet
523 1661 718 1741 dispensare,
738 1660 810 1740 quia
837 1658 1010 1738 huiusmodi
1039 1659 1186 1723 inhabiles

210 1759 282 1814 sunt
291 1753 359 1832 jure
376 1751 493 1827 divino,
513 1755 574 1811 tam
591 1748 628 1810 ad
643 1747 869 1829 suscipiendum
884 1751 976 1828 quarn
991 1747 1029 1810 ad
1043 1767 1186 1811 exercere

210 1841 283 1903 dum
297 1840 434 1903 ordinem
452 1858 459 1899 :
475 1843 611 1900 cessante
635 1836 772 1914 delectu,
788 1837 812 1898 si
836 1843 941 1918 agatur
961 1835 999 1899 de
1020 1837 1184 1906 illiteratis.

210 1935 305 1991 cessat
320 1927 446 1990 ornnind
465 1925 677 2007 irregularitas.
703 1925 733 1987 Si
754 1926 825 1987 verb
843 1925 881 1987 de
902 1924 968 1988 aliis
985 1933 1108 2006 agatur,
1127 1945 1187 1990 ees·

210 2023 294 2080 sante
314 2016 432 2078 delectu
454 2022 523 2076 ante
542 2013 784 2092 ordinationem,
806 2033 869 2076 non
893 2019 990 2095 potest
1011 2013 1187 2096 dispensare

210 2105 397 2187 Episcopus,
413 2103 483 2184 quia
505 2102 679 2185 dispensare
699 2122 762 2164 non
776 2103 853 2165 ralet
873 2101 904 2164 in
919 2103 1186 2186 irregularitatibur

211 2211 247 2256 ex
266 2192 403 2270 delectu,
424 2193 480 2254 nisi
499 2192 531 2252 in
549 2191 668 2254 duobus
686 2193 804 2254 casibus
825 2191 992 2273 dequibus
1013 2192 1113 2270 inlra3
1135 2193 1187 2256 sed

212 2289 312 2362 posset
324 2281 438 2344 solvere
452 2280 543 2342 dubia
555 2279 593 2342 de
606 2280 643 2341 iis
656 2289 767 2355 exorta,
780 2281 825 2344 rel
841 2281 872 2342 in
889 2281 925 2342 iis
938 2281 1124 2362 dispensare.

252 2373 340 2434 1863.
361 2392 376 2430 u
397 2369 512 2432 Praelati
527 2377 630 2431 tamen
651 2369 840 2450 regulares...
862 2378 989 2452 possunt
1011 2370 1186 2452 dispensare

212 2481 227 2519 n
251 2478 322 2524 curn
336 2458 397 2522 suis
411 2458 538 2522 subditis
555 2457 607 2520 teli
628 2457 746 2520 delectu
767 2457 987 2538 laborantibus,
1002 2465 1036 2522 ut
1051 2460 1090 2522 ad
1103 2461 1186 2522 ordi-

212 2571 227 2607 o
252 2567 306 2611 nes
315 2567 416 2611 sacros
429 2553 679 2630 promoreantur,
691 2547 806 2609 etiamsi
822 2547 890 2630 quis
904 2546 993 2612 fuerit
1002 2567 1107 2631 passus
1121 2569 1186 2632 per·

212 2659 227 2696 n
252 2645 425 2700 manentem
448 2636 635 2714 amentiam,
659 2635 683 2698 si
713 2653 749 2698 ex
767 2635 882 2715 judicic
905 2641 1093 2700 mediocrum
1115 2641 1185 2702 vere

213 2726 409 2788 »cessaverit
436 2723 514 2786 illius
536 2721 755 2804 perieulum.»
788 2725 830 2785 lta
854 2725 885 2788 S.
915 2725 1050 2806 Lignea,
1075 2726 1129 2790 lib.
1154 2733 1184 2799 1,

214 2825 248 2876 n⁰
261 2818 330 2878 160.

254 2899 589 2982 1851-11Ν111ρ11911
603 2917 655 2960 seu
668 2903 805 2960 recenter
818 2901 966 2977 conversi,
982 2920 1094 2984 excep.
1110 2907 1142 2978 2,
1154 2907 1181 2975 3,

213 2995 245 3070 1,
256 2997 286 3070 5,
299 2991 431 3053 distinct.
447 2991 498 3051 61.
509 2990 597 3050 Juxta
611 2987 749 3049 Toletum
763 2993 794 3049 et
806 2988 900 3065 alios,
916 2997 984 3071 post
1001 2988 1185 3056 decennium

216 3080 383 3163 neophytus
391 3077 500 3139 desinit
509 3095 575 3138 esse
589 3076 774 3158 irregularis;
786 3077 849 3140 imb
859 3085 946 3139 antea
959 3125 967 3155 ‚
980 3077 1005 3140 si
1019 3080 1186 3164 Episcopus

214 3169 327 3253 judicet
345 3167 430 3229 illum
445 3165 521 3227 bene
540 3165 675 3227 moribus
688 3165 864 3247 proiecisse.
877 3168 908 3229 S.
925 3167 1059 3248 Lignea,
1075 3167 1128 3232 lib.
1146 3178 1184 3248 t,

216 3266 250 3322 n⁰
263 3260 332 3333 4123
348 3255 470 3330 Devoti,
485 3253 537 3316 lib.
555 3257 583 3327 1,
599 3254 644 3316 tit.
660 3259 691 3333 7,
706 3254 762 3336 67.
778 3256 846 3316 Non
861 3261 961 3318 tamen
975 3257 1096 3338 proprie
1115 3257 1185 3320 irne-

217 3345 334 3426 gulares
355 3349 427 3406 sunt
447 3343 500 3425 qui
515 3341 651 3406 nondum
672 3349 741 3404 sunt
753 3343 958 3406 confirmati...
977 3344 1051 3407 Vide
1069 3345 1181 3410 Conril.

219 3433 299 3495 'trid
315 3435 398 3510 (sess.
414 3437 464 3506 23,
475 3449 503 3495 c.
518 3436 549 3511 l,
563 3431 597 3494 de
609 3431 681 3512 res.)
693 3479 701 3510 ,
712 3439 741 3495 et
754 3431 835 3495 dicta
844 3451 934 3516 supra
948 3437 972 3512 (1
979 3435 1063 3515 669).
