2486 3984
419 299 507 348 amun
531 301 647 348 miuus.
965 287 1023 350 tl5

65 419 146 481 supra
164 399 369 478 (tao-tatt—
380 401 456 462 Nola
472 401 595 481 insuper
616 418 651 461 ex
670 399 702 462 S.
719 398 841 480 Liguor.
863 397 926 475 (lib.
944 402 973 475 6,
991 411 1024 460 n⁰

64 493 139 566 559),
161 488 241 567 quod
266 489 356 551 asi...
372 487 519 569 delegatio
536 487 592 550 luit
607 489 639 550 in
654 487 844 570 particulari,
860 488 972 550 scilicet
986 487 1024 550 de

63 601 77 636 a
98 577 240 640 audienda
259 579 384 658 alicujus
406 579 525 641 tantiam
538 578 737 650 confessione,
753 579 835 640 recte
850 577 1022 640 Salmant...

64 689 76 726 a
98 685 163 728 cum
186 666 328 740 Sancbez,
353 669 455 749 Lago,
477 673 549 744 etc,
568 674 673 730 tenent
693 665 774 748 quod
794 666 910 748 expirat
929 673 1025 728 morte

62 778 77 814 a
97 755 295 832 concedentis,
311 754 369 819 nisi
383 753 531 819 consessio
542 757 605 835 jam
620 756 709 819 luerit
723 756 865 838 incaepta.
881 775 896 813 s

102 847 180 908 1576.
196 846 319 920 Quaerit.
341 849 374 908 4·
395 847 443 906 Au
461 845 637 927 approbatio
658 845 696 908 sit
713 845 805 908 etism
825 843 968 925 requisita
988 842 1026 906 ad

65 933 215 998 audiendas
228 934 414 1016 regularium
428 933 655 997 confessiones?

99 1026 180 1106 itesp.
207 1023 388 1105 Regulam,
408 1031 439 1086 ut
454 1024 685 1106 supradiximus
703 1023 815 1106 (1573),
832 1041 895 1086 uon
914 1021 1030 1106 debent

66 1119 236 1176 euraccum
251 1113 397 1176 Ordinem
410 1111 558 1175 confiteri.
570 1113 678 1176 Novitii
692 1121 793 1177 autem
808 1119 838 1176 et
851 1131 958 1176 omnes
972 1130 1023 1194 qut

66 1199 92 1262 in
105 1204 281 1266 monasterio
304 1209 527 1265 commorantes
541 1202 719 1266 obedientiae
733 1204 878 1276 subdunt,
889 1201 1025 1265 confiteri

66 1297 178 1372 possunt
196 1291 390 1356 confessariis
409 1291 597 1374 regularibus
618 1293 792 1355 monasterii
813 1291 852 1354 ab
877 1291 1025 1373 Episcopo

66 1399 118 1442 nou
139 1381 330 1464 approbatis3
360 1380 413 1443 sed
431 1381 543 1462 pariter
564 1381 699 1444 confiteri
720 1387 845 1464 possunt
865 1382 1023 1450 extraneis.

65 1470 144 1532 mudb
160 1472 197 1533 ab
216 1472 370 1553 Episcopo
388 1469 446 1532 loci
466 1469 620 1552 approbati
639 1471 780 1548 existant,
796 1471 868 1552 quia
889 1469 1025 1534 nondum

65 1565 125 1620 sunt
136 1560 277 1641 religiosi.
293 1558 369 1622 Vide
386 1559 536 1634 Ferraris,
551 1570 583 1620 v⁰
603 1559 796 1640 Approbatio‚
816 1566 871 1622 art.
886 1564 922 1634 2,
938 1557 979 1620 n'·
993 1561 1024 1636 b,

64 1651 79 1708 5
91 1656 117 1708 et
129 1651 287 1712 ti.-Circa
300 1647 438 1723 novitios,
453 1645 631 1720 notandum,
646 1647 731 1726 juxta
740 1649 934 1728 Lequeuxlm’
943 1653 1023 1724 tat),

64 1738 135 1818 quod
148 1739 290 1802 Clemens
303 1739 385 1814 vlu,
401 1737 433 1798 in
448 1737 534 1799 Bulla
547 1735 707 1816 depuleris
720 1735 890 1817 disciplina,
906 1736 1028 1798 mandet

65 1833 92 1886 ut
119 1847 224 1890 ecura
246 1827 431 1890 novitiorum
453 1825 674 1888 audiendorum
698 1827 729 1888 in
754 1825 943 1888 consessione
972 1825 1025 1888 soli

62 1935 76 1973 n
98 1917 270 1979 eommdem
292 1917 437 1997 magistro
457 1915 661 1978 committatur
685 1935 692 1977 ε
714 1915 801 1978 liceat
814 1921 914 1976 tamen
937 1933 1026 1996 supc-

62 2025 75 2060 n
97 2005 162 2067 riori
176 2006 277 2084 locali,
294 2023 348 2088 per
370 2023 403 2067 se
415 2005 461 2066 vel
477 2022 530 2086 per
546 2005 651 2082 alium,
667 2005 761 2067 semel
775 2012 826 2068 aut
839 2005 885 2066 bis
900 2005 931 2066 in
945 2023 1026 2068 anuo

61 2115 74 2150 n
97 2096 269 2157 eorumdem
285 2093 504 2157 contessionem
519 2091 633 2156 audire.
656 2116 671 2152 u

98 2187 180 2246 lara.
194 2188 229 2246 ln
243 2203 319 2246 casu
333 2183 529 2246 itinerationis
543 2183 726 2264 regularium
740 2182 943 2266 professorum
957 2232 964 2260 ,
980 2185 1026 2246 vel
1096 2201 1117 2222 f

63 2269 163 2336 babent
174 2275 294 2336 socium
315 2279 367 2335 aut
384 2272 415 2334 in
431 2271 498 2334 loro
515 2271 599 2334 adest
612 2272 814 2334 oonlessarius
837 2273 964 2336 idoneus
981 2275 1026 2336 sui

62 2361 184 2438 Ordinis,
200 2370 231 2426 et
244 2363 317 2426 huic
330 2361 440 2423 debent
454 2360 607 2437 confiteri;
623 2361 668 2423 vel
686 2362 742 2423 illis
757 2362 840 2423 deest
853 2361 1025 2442 huiusmodi

62 2451 263 2524 confessarius,
279 2458 309 2512 et
317 2457 390 2513 tuuc
399 2469 434 2513 ex
443 2453 626 2533 praesumpta
635 2451 755 2513 licentia
764 2451 890 2526 Praelati,
902 2459 1027 2534 possunt

63 2539 186 2603 mutilari
200 2539 288 2603 alteri
302 2539 446 2602 sacerdoti
462 2540 571 2602 idoneo
584 2541 713 2620 regulari
725 2540 769 2601 uel
785 2541 936 2616 saeculari;
951 2549 980 2602 et
994 2543 1025 2603 in

64 2625 112 2691 boc
123 2628 308 2694 concordant
321 2647 438 2704 omnes,
449 2627 545 2710 inquit
555 2629 586 2690 S.
601 2629 776 2709 Liguorius;
792 2629 844 2689 sed
859 2630 1027 2710 disputatur

64 2725 154 2781 utrum
174 2719 224 2784 bic
247 2717 387 2782 sacerdos
407 2717 515 2781 debeat
533 2736 599 2780 esse
621 2716 661 2780 ad
678 2716 900 2780 confessionem
914 2737 1027 2800 appro-

64 2803 149 2870 batus.

98 2901 180 2962 1578.
192 2901 316 2962 Certum
325 2903 370 2960 est
379 2896 460 2978 qubd
468 2897 650 2980 approbatus
657 2915 722 2960 esse
736 2895 853 2972 debeat,
869 2896 892 2959 si
901 2899 1026 2980 quaestio

64 2985 137 3048 sitde
150 2986 341 3070 capuccinis,
352 2987 422 3070 quia
436 3005 472 3048 en
483 2987 567 3049 Brevi
579 2985 661 3062 (arod
669 2987 813 3048 communi
825 2987 934 3050 Bened.
947 2992 1023 3068 xlv,

64 3074 214 3155 Capuocini
234 3077 265 3138 in
279 3076 385 3138 itinere
403 3083 530 3158 possunt
544 3075 679 3140 confiteri
695 3076 818 3140 cuilibet
830 3077 1022 3154 confessario,

63 3164 135 3225 naudi
144 3167 184 3226 sit
197 3164 236 3227 ab
251 3165 395 3247 Episcopo
405 3164 460 3227 loci
469 3165 829 3248 approbatus-Proeliis
838 3167 1025 3246 regularibus

63 3250 162 3333 duplex
182 3260 228 3316 est
241 3254 388 3316 sententia
407 3273 415 3316 ι
431 3253 481 3316 alii
505 3255 584 3316 enim
598 3255 758 3330 affirmant,
773 3263 861 3336 prout
876 3257 1023 3336 liugand,

67 3343 197 3417 lnloirre,
213 3343 355 3418 Coccina,
371 3342 477 3418 Cobet,
488 3361 538 3425 ap.
555 3345 585 3406 S.
598 3345 736 3425 Liguor.;
753 3353 866 3424 negant
879 3347 949 3405 verb
964 3346 1023 3424 alii,

65 3431 215 3512 etquidem
225 3431 489 3494 cornmunr'ssimiet
501 3434 607 3508 vertas,
615 3433 700 3512 iuxta
709 3433 849 3495 euclidem
859 3435 889 3496 S.
903 3435 1023 3514 liguor.

68 3520 242 3602 probantque
260 3521 425 3602 praesertim
438 3540 474 3584 ex
494 3522 689 3585 concessione
705 3523 870 3583 lnrrocentii
887 3525 950 3583 Vlll
973 3523 1027 3602 qui

68 3605 129 3670 dixit
147 3629 158 3669 .·
184 3632 201 3668 a
222 3613 281 3671 Nos
301 3609 390 3692 igitur
409 3609 652 3692 (permiitimus)
674 3609 813 3672 iratribus
827 3609 1025 3684 hujusmodi,

69 3711 81 3752 t
101 3715 172 3776 quos
194 3698 363 3762 itinerari...
379 3700 551 3780 contigerit,
571 3706 605 3762 ut
625 3700 650 3760 si
671 3698 803 3778 aliquem
818 3695 1026 3774 presbyterum
