2486 3984
486 297 573 344 maun
593 298 711 344 antuus.
1031 286 1089 345 tlt

154 396 245 458 toto.
262 393 458 458 «Notandum
472 395 553 477 qubd
565 396 595 458 in
605 415 671 480 cap.
685 395 793 459 ultimo
805 394 841 458 de
858 393 956 477 Temp.
970 394 1087 470 Ordin,

110 503 126 542 a
152 483 184 546 in
201 487 243 553 θ’,
261 483 435 566 prohibetur
448 487 616 566 conjugatis
630 485 759 549 conferri
773 491 917 560 tonsura,
934 485 1090 548 nisirelinl

110 593 126 632 a
152 573 209 654 ipsi
222 574 409 653 Religionem
423 574 574 655 profiteri,
590 575 636 637 vel
649 577 756 638 Sacros
769 574 897 637 Ordines
917 574 1087 654 suscipere,

109 681 126 720 ι
151 661 235 743 quod
244 671 343 723 autem
354 681 413 724 non
425 663 494 726 licet
502 663 617 727 cissine
627 665 729 728 uxoris
739 663 939 727 licentitms.
952 662 1089 744 lignun,

110 747 164 813 lrb.
178 755 209 819 6,
221 761 254 811 n⁰
267 753 336 824 827,
353 754 383 813 in
399 751 471 816 line.

152 843 243 902 tert.
268 841 391 903 Materia
407 849 516 904 remoto
534 842 640 926 primae
659 848 791 907 tonsurae
811 841 982 906 secundbm
997 842 1091 904 Cano·

112 930 206 990 uistas
226 936 273 991 est
291 930 558 1012 superpelliceum
571 934 712 1014 proximu
732 939 834 996 auum
856 937 901 994 est
921 929 1041 994 traditio
1060 936 1089 994 et

111 1019 279 1100 acoeptatio
299 1019 395 1101 ipsius
422 1021 649 1103 superpellicei;
668 1020 765 1087 forma
785 1021 875 1091 verb,
898 1020 949 1082 illa
970 1019 1087 1082 verba:

112 1105 223 1169 Iadwrt
242 1115 270 1170 te
285 1107 363 1170 Deus
375 1128 479 1172 novum
493 1109 656 1188 nominem,
671 1117 756 1174 etc...
775 1109 950 1173 Secundum
964 1108 1090 1172 'l'beolo-

112 1214 187 1276 gos,
204 1198 276 1258 cirm
295 1203 418 1260 tonsura
438 1217 500 1260 non
522 1199 560 1260 sit
580 1199 672 1275 ordo,
695 1218 757 1262 non
776 1205 895 1263 constat
915 1199 1039 1260 materia
1060 1205 1090 1262 et

111 1285 210 1347 formtt
225 1286 346 1368 proprie
359 1285 446 1350 dicta.
463 1289 552 1350 Juxta
565 1288 687 1350 eosdem
702 1296 823 1358 tamen.
839 1287 982 1350 abscissio
996 1287 1089 1368 capil-

111 1373 211 1436 lorum
232 1381 289 1436 stat
312 1376 379 1438 loco
397 1377 546 1450 materiae,
563 1385 592 1439 et
606 1379 705 1441 locum
727 1377 832 1440 formae
851 1382 957 1439 tenent
974 1377 1087 1438 verba:

111 1463 255 1525 Dominus
264 1485 347 1544 pars.
360 1465 497 1528 etc.Vide
512 1468 654 1541 Ferraris,
665 1483 696 1528 vt
707 1467 795 1541 Ordo,
811 1473 866 1527 art.
881 1471 909 1543 l,
922 1473 955 1527 n⁰
967 1469 1017 1540 lt,
1030 1471 1086 1528 elo.

151 1557 243 1615 1672.
262 1557 317 1615 Per
330 1561 484 1616 tonsuram
498 1556 532 1617 fic
544 1557 611 1636 quis
625 1557 663 1618 de
673 1555 738 1618 loro
752 1555 909 1630 Ecclesiae,
920 1573 1014 1634 capax
1023 1553 1090 1616 red-

109 1639 193 1704 ditus
220 1642 681 1722 beneficiorum,jurisdictionis
707 1643 934 1719 ecclesiastice,
965 1642 1088 1704 clerica-

110 1731 250 1812 liumque
287 1732 512 1813 privilegiorum
545 1734 717 1815 particeps,
753 1739 845 1814 atque
879 1730 907 1794 ei
936 1729 1090 1794 confertur

110 1827 244 1901 potestas
266 1820 393 1883 canendi
415 1821 548 1884 officium
570 1821 805 1886 ecclesiasticum
828 1820 859 1883 in
880 1818 1026 1882 ecclesia:
1047 1823 1091 1884 sic

110 1911 207 1976 enim.
228 1918 296 1990 post
319 1910 438 1973 illorum
461 1911 701 1986 ordinationem,
722 1909 858 1972 Pontifex
877 1909 1002 1972 clericos
1016 1909 1089 1972 allo·

110 1999 244 2080 quitur:
274 2020 289 2056 a
310 1999 376 2060 Filii
400 1999 586 2077 charissimi,
608 1999 843 2062 anirnadrertere
864 1997 980 2061 debetis
1006 1999 1089 2081 quod

109 2109 126 2145 o
152 2087 243 2151 bodie
261 2087 299 2150 de
314 2087 379 2150 loro
392 2090 535 2152 Ecclesiae
550 2089 617 2152 lacti
630 2089 711 2162 estis,
729 2087 921 2172 etprivllegia
941 2088 1089 2150 clericalia

109 2201 125 2236 a
151 2177 248 2240 sortiti
268 2178 349 2239 estis.
374 2177 479 2240 Coreto
494 2178 637 2258 igiturne
656 2185 778 2259 proptor
796 2175 901 2260 culpas
914 2183 1026 2239 vestras
1040 2177 1088 2239 illa

109 2289 125 2322 o
151 2265 304 2348 perdatis;
320 2275 349 2328 et
363 2265 465 2330 habitu
479 2266 624 2336 honesto,
643 2273 701 2329 etc.
724 2289 740 2326 »

153 2357 244 2418 tutu.
268 2353 397 2417 Proinde
411 2355 528 2417 clericis
541 2361 572 2418 et
585 2355 708 2437 quidem
729 2355 800 2418 solis
814 2355 955 2436 competit
966 2353 1089 2417 loeutus

109 2443 210 2506 standi
235 2462 328 2525 prope
352 2443 444 2506 altare
466 2445 544 2506 inter
569 2443 719 2507 cancellos
743 2443 1036 2506 administrandum
1061 2451 1089 2506 et

111 2532 303 2615 psallendum
321 2553 328 2592 :
345 2550 388 2594 stc
401 2535 483 2594 enim
498 2532 587 2596 babet
604 2551 670 2615 cap.
689 2531 729 2596 tlt
741 2531 814 2593 laici
831 2537 863 2608 l,
879 2529 914 2593 dc
928 2531 990 2592 oitd
1005 2529 1090 2592 etho-

110 2629 213 2684 nest...
234 2641 249 2680 u
263 2623 302 2684 Ut
315 2621 380 2682 laici
395 2639 482 2684 secus
496 2622 604 2695 altare,
621 2621 745 2702 quando
761 2638 843 2682 sacra
859 2620 1001 2698 mysteria
1014 2619 1090 2682 cele

109 2731 128 2772 a
150 2709 294 2782 orantur,
305 2717 384 2771 stara
397 2709 442 2772 vel
458 2708 562 2772 sedere
576 2712 655 2773 inter
668 2710 793 2771 clericos
807 2725 868 2769 non
883 2713 1090 2787 pasumant,

110 2820 127 2859 a
151 2797 204 2860 sed
217 2818 289 2880 pura
303 2797 377 2873 itta,
393 2817 459 2880 quea
476 2798 611 2860 cancellis
628 2797 666 2860 ob
684 2796 780 2858 altari
798 2793 956 2870 dividitur,
975 2797 1088 2858 tantiam

111 2909 128 2948 ι
149 2885 345 2970 psallentibus
363 2894 466 2968 puteat
483 2887 609 2952 clericis.
629 2885 674 2949 Ad
697 2883 845 2948 orandum
863 2885 933 2948 rard
951 2891 981 2948 et
1000 2902 1087 2949 com·

110 2997 128 3038 ι
153 2975 393 3053 municandum‚
409 2975 492 3038 laicis
510 2983 540 3038 et
558 2974 680 3038 feminis
699 2974 788 3050 (sicut
807 2991 874 3037 mos
893 2977 949 3052 est)
966 2980 1088 3057 pateant

109 3087 127 3126 ι
153 3067 265 3128 Sancte
278 3065 471 3127 Sanctorum.
487 3087 502 3124 a

151 3155 209 3216 lus
232 3152 343 3215 babent
370 3153 461 3214 etiam
489 3150 624 3233 gestandi
651 3157 748 3214 vestes
771 3149 952 3228 clericales,
979 3169 1089 3232 nempe

110 3241 368 3324 superpelliceum
383 3241 413 3302 in
428 3241 521 3304 sacris
534 3241 739 3317 caeremoniis,
753 3247 784 3302 et
796 3247 879 3302 extra
892 3240 1089 3302 caeremonias

111 3349 215 3394 sacras
244 3337 357 3391 vestem
383 3329 523 3406 talarem,
547 3335 703 3391 tonsuram
729 3335 759 3389 et
783 3328 841 3389 alia
877 3346 946 3409 quae
973 3327 1088 3390 clericis

112 3419 310 3484 conveniunt.
327 3417 451 3479 Minime
466 3425 568 3480 tamen
583 3417 620 3479 ad
635 3417 700 3479 haec
719 3423 860 3478 tenentur
874 3416 929 3478 sub
943 3424 1087 3496 peccato,

113 3508 237 3592 quando
248 3525 308 3569 non
317 3505 626 3580 suntbeoellciatluti
636 3512 717 3566 tenet
726 3505 872 3566 sententia
882 3504 1087 3579 communior,

115 3599 177 3660 imb
199 3615 235 3658 ea
257 3613 319 3658 non
341 3602 467 3678 possunt
488 3594 604 3656 deterre
622 3591 746 3675 quando
769 3599 840 3654 sunt
862 3591 986 3670 bigami.
1013 3587 1088 3648 Vide

115 3688 146 3752 S.
159 3685 297 3766 Lignor„
313 3684 365 3748 lib.
381 3688 418 3762 6,
428 3683 469 3748 n¹¹
484 3687 542 3748 825
556 3687 587 3745 cl
599 3685 669 3750 826.
