2522 3996
201 225 239 285 80
420 242 554 287 annuam
574 241 674 318 rarius
693 241 774 286 tuuis
794 240 941 288 oenomai.

202 338 238 400 ul
251 337 341 401 ltaliae
360 338 503 400 duntaxat
523 337 686 417 Episcopus
703 335 816 398 directa
834 333 943 412 luerit,
967 333 1057 400 habet
1071 343 1171 402 tamen

202 428 399 490 universalem
423 427 481 487 rim
496 424 532 487 ad
545 426 594 504 jus
612 423 801 505 probandum
826 424 1018 506 inquantum
1042 424 1173 489 declarat
1244 394 1245 487 l

200 517 249 596 jus
261 533 442 578 commune:
455 514 536 578 unde
550 513 589 576 ad.
598 531 665 574 eam
680 515 711 575 S.
723 514 833 594 Congr.
850 513 956 588 Cone,
970 513 1085 596 absque
1097 515 1174 578 loeo

201 623 270 668 rum
284 604 492 680 distinctione,
508 603 584 664 solet
596 603 746 663 remittere
760 600 859 681 quoad
873 602 1028 663 materiam
1046 623 1174 684 praesen-

202 700 262 756 tem
272 695 391 773 (Bouix,
405 692 458 766 ib.,
470 712 501 773 p.
520 695 599 764 58⁵2).
612 692 737 770 lnsuper
751 690 843 768 hujus
853 689 947 752 Bullae
963 689 1175 772 dispositiones

203 781 387 845 confirmatae
406 787 477 843 sunt
496 797 513 840 a
531 781 584 840 Pio
604 781 644 840 lx
662 796 715 860 per
733 778 923 858 Encyclicam
946 781 965 840 3
987 779 1059 840 maii
1084 784 1173 848 4858.

205 870 317 932 Dicitur
338 876 440 934 autem
459 869 491 930 in
512 867 598 929 Bullt
617 865 738 949 praelata
752 865 834 948 qubd
852 866 905 928 liat
917 865 1175 948 satis'obligationi

206 957 348 1020 offerendi
363 957 462 1019 missae
476 955 627 1018 sacribum
642 973 696 1036 pro
710 955 822 1037 populo
843 955 867 1016 si
882 955 920 1030 ii,
936 955 989 1036 qui
1003 956 1175 1019 animamm
1243 967 1244 970 ’

205 1065 308 1110 curam
326 1045 456 1122 habent,
471 1045 593 1106 missam
608 1043 758 1125 applicent
771 1062 826 1125 pro
845 1043 956 1126 populo
970 1043 1002 1104 ia
1020 1043 1176 1107 dominicis

203 1134 328 1216 aliisque
345 1153 399 1215 per
418 1153 526 1194 annom
546 1131 645 1194 diebos
664 1132 749 1212 festis
769 1132 803 1193 de
822 1139 986 1214 praecepto,-
1007 1139 1038 1194 et
1051 1133 1177 1215 insuper

119 1260 123 1268 ι
204 1223 286 1305 qubd
300 1222 356 1285 sub
372 1221 451 1283 dictat
464 1221 645 1301 obligatione
659 1219 954 1301 comprehendantur
967 1221 1076 1282 vicarii
1086 1241 1175 1304 paro

205 1312 273 1388 obi,
288 1329 341 1372 seu
356 1310 375 1370 ii
393 1311 446 1390 qui
461 1328 540 1370 curae
554 1309 727 1370 exercitium
742 1308 872 1384 habent,
893 1317 1068 1371 remanente
1083 1329 1178 1391 penes

206 1400 298 1461 alium
318 1397 467 1460 habituali
483 1397 572 1470 oard3
593 1396 724 1476 itemque
743 1395 843 1458 vicarii
861 1415 915 1458 seu
929 1399 1080 1459 oeconomi
1100 1400 1175 1479 qui,
1239 1463 1244 1489 4

205 1494 329 1550 vacante
342 1486 491 1568 parochib,
505 1484 542 1546 ad
551 1498 655 1549 auram
670 1484 701 1544 in
711 1486 747 1546 eb
760 1483 958 1547 exercendam
971 1485 1176 1565 deputantur;
1239 1493 1244 1515 ⁶

207 1577 237 1633 et
256 1573 349 1632 curati
365 1569 521 1632 adnutum
537 1569 730 1644 amoribiles‚
753 1574 814 1633 sive
829 1579 989 1636 saeculares
1003 1593 1065 1634 sire
1081 1594 1168 1652 rogu-
1243 1583 1244 1590 ’

209 1659 297 1722 lares.
316 1661 396 1721 Duas
410 1658 524 1719 habens
540 1658 694 1738 parochias
709 1659 769 1719 duo
784 1678 866 1722 sacra
883 1661 981 1723 debet.

247 1751 335 1810 4485.
351 1745 456 1820 Quoad
465 1763 518 1808 eos
527 1747 598 1808 verb
612 1746 663 1825 qui
677 1765 708 1807 se
741 1746 782 1807 ab
790 1745 963 1828 hujusmodi
974 1768 1067 1811 onere
1079 1748 1176 1812 eximi

205 1853 293 1917 posse
305 1837 359 1898 sibi
375 1843 597 1917 persuaserunt,
608 1834 647 1896 ob
657 1838 838 1899 contrariam
852 1841 1108 1902 consuetudinem
1117 1837 1177 1902 sata

200 1933 262 1987 tem
278 1925 565 2000 immemorabilem,
581 1923 663 1986 addit
677 1923 788 1986 Bened.
803 1925 870 1987 xlv
882 1922 995 2006 pluries
1007 1927 1026 1988 ta
1039 1926 1072 1988 S.
1093 1927 1173 1988 Con-

202 2031 285 2093 grog.
308 2012 398 2074 tuisse
422 2031 620 2092 responsum:
640 2011 806 2094 hujusmodi
826 2012 1075 2086 commatadiaom,
1104 2015 1176 2076 la'cet
1244 2074 1245 2079 ,

202 2099 479 2176 immemorabilem,
499 2121 563 2182 qua
583 2100 681 2182 potitis
700 2101 804 2162 abusus
816 2109 845 2162 et
862 2102 1030 2183 corruptela
1051 2101 1174 2166 dicenda
1244 2096 1245 2109 *

200 2195 260 2263 est,
274 2189 387 2250 nomini
397 2189 568 2270 mssrapare.

241 2277 327 2350 Quod
340 2285 440 2340 autem
461 2279 581 2358 prelata
600 2277 782 2358 obligatione
799 2283 958 2340 teneantur
978 2279 1066 2340 etiam
1082 2299 1175 2361 paro-

201 2365 249 2428 chi
268 2367 409 2448 congruis
422 2366 585 2429 redditibus
602 2366 754 2443 destituti,
769 2365 928 2428 declaravit
946 2371 1103 2430 lnnocent.
1118 2373 1176 2433 llll

201 2454 305 2533 llulltt,
333 2455 451 2536 Nuper,
476 2460 515 2517 bt
539 2473 603 2536 apr.
628 2459 725 2531 4699;
753 2457 885 2536 itemque
908 2455 1019 2518 Bened.
1045 2459 1113 2518 xlv
1140 2459 1175 2520 iu

201 2543 289 2606 citatb
302 2545 425 2606 Constit.
442 2543 516 2607 Ciam
529 2564 650 2625 seraper.
666 2543 740 2606 Vide
754 2544 790 2605 D.
808 2543 922 2622 Bouix‚
937 2543 1025 2624 ibid,
1040 2565 1071 2628 p.
1088 2549 1172 2624 5823

201 2633 232 2695 S.
248 2633 383 2714 Lignum,
398 2634 451 2696 lib.
466 2638 502 2710 6,
518 2643 551 2694 n⁰
566 2635 635 2695 325.

240 2726 329 2787 4486.
351 2723 473 2796 Querit.
491 2726 522 2785 l⁰
535 2725 643 2786 Utrum
657 2721 778 2803 parochi
793 2728 952 2786 teneantur
966 2723 1003 2786 ad
1018 2724 1172 2789 celebran-

199 2811 274 2873 dum
292 2829 347 2893 pro
364 2812 491 2894 populo,
511 2811 602 2873 etiam
623 2809 653 2871 in
677 2810 758 2872 lestis
778 2830 832 2892 per
852 2811 1005 2874 indultum
1026 2818 1045 2876 9
1067 2815 1173 2895 aprilis

201 2904 277 2964 1802
299 2901 331 2962 in
344 2906 408 2962 toto
421 2899 540 2962 Gallicae
552 2898 735 2980 Reipublicae
749 2900 898 2962 territorio
912 2903 1099 2982 suppressis?

239 2991 329 3071 Resp.
347 2989 537 3051 Affirmatirb.
548 2987 622 3050 lllud
638 2994 754 3050 constat
763 2987 899 3069 plurimis
909 2990 940 3054 S.
953 2991 1063 3072 Congr.
1074 2993 1170 3060 (lonc.

199 3079 350 3156 instruct,
366 3085 396 3140 et
415 3077 574 3138 novissime
593 3076 751 3157 Encyclict
769 3077 812 3138 Pii
827 3073 867 3138 IX
888 3079 1094 3141 amantissimi
1118 3084 1171 3146 lia

199 3166 376 3248 (temptaris,
395 3169 413 3226 3
436 3165 505 3226 maii
525 3167 619 3241 4858,
639 3164 677 3226 ad
697 3165 860 3246 Episcopus
877 3165 1007 3230 universi
1022 3169 1102 3231 orbis
1123 3171 1171 3233 tli-

199 3260 291 3328 rectb‚
306 3257 407 3336 inqut
420 3253 462 3316 sic
474 3252 582 3333 legitur
598 3271 606 3314 ε
626 3275 641 3312 ι
656 3253 1170 3330 lliscelitterisdeclaramus,statui·

199 3369 215 3406 o
239 3341 1169 3425 rnusatquedecernimusparochosaliosqueomnesanimarum

199 3451 344 3494 scuram
375 3439 442 3493 actu
470 3439 627 3511 gerontam,
657 3439 880 3494 sacrosanctum
922 3432 1019 3495 llissaa
1045 3435 1168 3497 Sacrifi-

199 3542 215 3578 »
239 3521 321 3582 oium
340 3538 394 3602 pro
414 3519 526 3602 populo
546 3519 602 3581 sibi
616 3519 778 3582 commisso
797 3520 948 3583 celebrare
967 3528 998 3584 et
1017 3523 1168 3604 applicare

201 3629 215 3665 a
239 3607 368 3684 debere,
381 3614 447 3670 tum
467 3607 608 3670 oninibus
622 3607 786 3668 Dominicis
799 3607 923 3689 aliisque
932 3609 1053 3688 diebus,
1068 3611 1167 3690 qrriex
