2486 3984
173 118 232 180 tto
396 135 537 182 annuam
557 134 659 182 rorrus
679 134 763 182 tnnrs
784 133 933 181 concuret.

174 249 189 286 n
213 227 395 307 positionem
410 237 439 292 et
460 249 514 312 per
532 229 660 292 termam
681 229 813 310 :Accipe
827 227 977 309 Spiritum
991 227 1152 305 Sanctum,

172 339 187 377 n
213 323 270 379 etc.
287 321 348 381 Nec
361 320 546 381 vatetdicerc
560 320 654 401 quad,
666 319 689 380 si
701 320 984 400 Episcopatusessct
992 317 1155 381 distinctus

173 426 188 465 o
212 407 306 481 ordo,
323 415 423 489 posset
446 409 613 490 Episcopus
627 407 722 470 aalide
736 408 842 469 saitem
858 405 992 468 ordinari
1009 407 1080 470 iicet
1095 426 1154 468 non

173 517 189 554 n
213 505 291 558 esset
304 498 461 574 sacerd0s3
479 517 549 560 nam
564 497 763 579 respondetur
786 494 868 579 qudd
887 495 945 559 hoc
963 495 1154 560 ordinatione

174 607 189 645 n
212 585 313 648 divine
336 588 515 669 requiritur,
538 589 615 650 sicut
636 587 800 669 requiritur
818 593 853 649 ut
865 586 904 648 sit
921 583 1091 668 baptizatus
1105 586 1155 668 qui

174 697 189 734 a
213 675 277 736 vuit
289 677 484 752 confirmari,
500 685 552 740 aut
568 676 713 739 ordinari.
729 699 744 736 u

213 765 295 828 Ultra
319 769 416 848 pergit
436 769 568 829 Perenne
591 767 622 827 in
645 766 709 829 suis
727 764 867 830 Proieci.
893 763 979 828 theod
998 767 1103 844 (tract.
1124 765 1158 827 dc

176 853 261 924 ord,
293 868 327 918 n·
357 860 407 935 78)
430 855 534 920 dicens
556 855 637 940 qudd
664 877 680 916 a
703 855 870 931 sententia,
896 873 979 916 nunc
1011 856 1160 936 temporis

175 964 190 1001 n
215 945 371 1006 communis
383 954 412 1007 et
425 947 541 1007 omnino
555 944 676 1009 tenendo
690 953 732 1006 est
745 945 968 1026 Episcopotam,
981 952 1011 1005 et
1024 943 1158 1006 ordinem

176 1051 190 1089 n
215 1051 272 1094 esse
292 1035 384 1116 specie
405 1033 576 1098 distinctum
592 1034 840 1116 dprcsdpterotu,
855 1042 885 1094 et
897 1043 1155 1096 sacromentum.»

177 1119 214 1180 Et
224 1121 254 1183 in
265 1123 333 1184 ποιά
347 1123 454 1202 (ibid),
469 1124 507 1188 de
521 1125 670 1188 sententia
683 1124 819 1205 opposita
829 1121 921 1184 dicit:
936 1121 1077 1184 sumum
1093 1141 1160 1204 pro-

177 1232 192 1268 r>
217 1211 323 1275 babilis
339 1233 420 1277 nunc
434 1213 498 1278 trae
512 1214 659 1277 sententia
677 1221 834 1284 censetur,
852 1209 906 1274 sed
917 1213 981 1292 jam
994 1213 1013 1273 a
1028 1211 1161 1275 nonnul-

177 1321 192 1358 a
217 1300 253 1362 lis
268 1308 396 1364 censura
411 1312 539 1366 notatur.
556 1327 571 1364 a

219 1390 298 1468 Sed,
323 1399 413 1474 prout
430 1393 567 1457 observat
587 1396 622 1456 D.
648 1392 742 1456 Bouix
761 1392 816 1470 (Dc
834 1390 1000 1474 Episcopo,
1022 1396 1098 1452 torn.
1121 1395 1159 1468 l,

178 1495 208 1560 p.
224 1481 284 1560 98),
302 1481 437 1544 nondum
452 1481 575 1546 definita
589 1485 715 1564 quaestio
725 1490 788 1544 erut
801 1490 937 1562 tempore
949 1479 1061 1542 Bened.
1079 1482 1160 1546 xiv,

180 1577 269 1650 prout
282 1577 448 1634 constater
463 1573 550 1636 Bulla
563 1575 601 1636 In
609 1581 767 1655 postremo.
782 1575 823 1633 20
836 1570 934 1632 octob.
952 1572 1043 1646 1756,
1053 1569 1087 1630 in
1098 1571 1162 1650 qua

179 1657 288 1722 dicitur
310 1659 329 1741 ξ
351 1665 387 1724 tr
414 1681 457 1723 :c
480 1663 556 1724 Cirm
580 1680 671 1724 nemo
693 1660 849 1742 prohibeat
871 1658 1057 1740 disceptare,
1083 1677 1162 1721 num

180 1769 194 1805 n
219 1749 416 1831 Episcopatus
430 1751 469 1811 sit
481 1751 555 1812 ordo
570 1753 586 1812 i
601 1750 807 1832 presbyteratu
817 1748 991 1822 distinctus,
1006 1765 1046 1809 an
1060 1765 1164 1810 carac-

180 1859 195 1896 »
221 1844 266 1898 ter
288 1838 320 1900 in
341 1839 510 1920 Episcopali
524 1839 749 1901 consecratione
771 1839 937 1917 impressus
952 1835 1088 1914 differat,
1113 1839 1163 1899 vei

181 1949 195 1984 n
222 1926 321 2006 potitis
349 1927 387 1987 sit
409 1927 563 2008 ampliatio
592 1929 732 2010 quaedam
757 1927 917 1990 caracteris
942 1926 972 1988 in
999 1926 1165 1990 collatione

181 2037 196 2073 u
222 2015 444 2096 presbyteratus
457 2017 571 2080 ordinis
586 2017 735 2100 impressi.
751 2039 766 2076 n
780 2018 875 2078 Porrd
888 2018 1050 2099 atempore
1060 2017 1164 2079 Bene-

181 2103 252 2166 dicti
267 2107 332 2165 xlv
347 2124 443 2186 usquc
457 2105 637 2170 hodircnum
652 2107 753 2180 diem,
770 2107 888 2168 nuttam
906 2105 1054 2167 emanavit
1073 2103 1166 2168 Sedis

184 2193 362 2274 Apostolicae
376 2196 556 2272 Decretum,
572 2215 608 2258 ex
621 2215 683 2277 quo
699 2196 807 2258 deduci
822 2195 917 2256 valeat
929 2213 1021 2257 unam
1037 2202 1165 2256 senten-

181 2283 253 2343 tiam
271 2285 369 2364 potius
389 2295 424 2339 ac
444 2286 567 2349 aiteram
581 2287 708 2349 omnind
722 2304 788 2349 esse
804 2285 1055 2368 amplectendam.
1072 2284 1166 2362 (Vide

183 2370 297 2448 Beuix,
313 2373 379 2434 loco
393 2373 505 2455 citato.)

225 2465 313 2524 1732.
338 2465 471 2526 Potestas
492 2471 592 2528 autern
615 2465 731 2528 ordinis
754 2463 879 2546 aequalis
899 2468 945 2528 est
965 2463 997 2526 in
1016 2462 1168 2526 omnibus

183 2559 334 2616 caractere
357 2553 526 2636 Episcopaii
551 2556 724 2638 insignitis,
748 2573 806 2618 nec
826 2554 890 2636 ipse
913 2556 993 2636 Papa
1013 2553 1167 2635 majorem

183 2642 298 2705 caeteris
311 2641 411 2704 habet.
426 2645 468 2706 Ita
482 2662 599 2706 omnes.
616 2645 735 2724 (Bouix,
748 2643 804 2722 it,
820 2664 851 2725 p.
868 2645 931 2721 30.)

225 2736 313 2795 1733.
336 2732 440 2804 Quoad
462 2735 619 2796 materiam
642 2733 757 2796 ordinis
776 2732 976 2815 Episcopatu,
1001 2751 1057 2815 pro
1077 2740 1166 2796 certo

184 2820 348 2883 dicendum
366 2820 481 2883 videtur
502 2841 569 2884 eam
588 2841 653 2886 esse
668 2823 895 2906 impositionem
908 2839 1068 2885 manuum.
1082 2824 1167 2884 Nam

184 2929 222 2972 cx
235 2909 349 2971 Concii.
365 2909 447 2971 Trid.
463 2911 557 2988 (sess.
574 2917 623 2988 23,
646 2930 714 2976 can.
729 2913 771 2988 t),
792 2909 901 2973 frustra
916 2930 978 2973 non
1000 2910 1111 2974 dicitur
1126 2911 1169 2974 ab

185 2999 334 3080 Episcopo
353 2997 385 3058 in
399 3001 483 3060 sacra
497 3000 706 3064 ordinatione:
721 2999 830 3081 Accipe
842 3000 993 3080 Spiritum
1007 3004 1165 3063 Sanctum.

186 3087 279 3148 Porrd
294 3085 358 3148 haec
370 3085 461 3148 verba
474 3087 615 3151 dicuntur
630 3091 779 3172 Episcopo
792 3089 1013 3164 consecrando,
1029 3089 1105 3152 dum
1124 3090 1168 3153 itti

185 3193 294 3325 Lnanus
308 3175 324 3236 i
339 3183 534 3239 consecrante
553 3177 771 3261 imponuntur,
789 3184 819 3240 et
832 3185 865 3241 ut
885 3179 982 3241 forma
994 3178 1099 3242 haberi
1115 3181 1169 3244 dc-

208 3271 269 3326 ent.

227 3351 384 3415 Probabile
398 3359 444 3416 est
463 3355 554 3417 etiam
566 3355 605 3418 ad
619 3357 775 3420 materiam
797 3357 994 3442 Episcopatus
1012 3357 1170 3440 pertinere

186 3438 380 3504 traditionem
402 3442 471 3507 libri
493 3445 728 3528 Evangeliorum
751 3465 823 3512 cum
844 3447 881 3509 iis
902 3445 1000 3510 verbis
1024 3465 1033 3508 ι
1055 3449 1171 3531 Accipe

188 3530 402 3612 d'oonpettam,
418 3539 492 3612 etc.3
512 3553 583 3618 quoe
602 3534 671 3600 ideo
690 3541 838 3618 tanquam
850 3535 949 3599 torma
961 3537 1094 3618 partiatis
1115 3534 1171 3600 ha·
