2522 3992
232 157 286 220 486
449 179 586 225 annuam
606 179 707 225 mnus
727 179 808 225 runis
830 178 977 227 mmmm.

270 283 307 346 X.
330 283 369 346 Ul
382 279 526 364 profitens
542 281 654 342 nullam
670 290 800 362 apponat
814 283 1017 345 conditionem
1033 283 1199 347 substantia

231 371 394 452 Religionis
415 379 646 452 repugnantem.
664 369 739 432 Vide
761 371 855 434 Bouix
877 373 932 450 (lle
945 372 1110 454 Reperiam,
1126 375 1200 449 ibid.¹

232 480 261 542 p.
279 465 355 536 flul,
372 463 452 538 606).

271 553 360 612 2695.
376 549 505 610 —Noto
519 547 617 630 quod,
634 547 663 610 in
682 551 862 612 caeremonia
876 551 1042 614 vestitionis
1057 553 1107 616 rel
1127 553 1199 616 emis

232 637 324 700 sionis
337 643 486 714 votorum,
496 656 557 698 non
566 637 651 699 liceat
662 638 704 700 uti
720 638 802 700 liluis
812 639 862 720 qui
875 657 936 700 non
951 649 1054 704 essent
1064 643 1083 703 a
1095 644 1126 703 S.
1137 641 1199 701 Sale

232 735 283 788 aut
298 727 401 788 saltem
417 726 454 788 ab
469 726 634 789 Ordinariis
652 727 818 807 approbati.
841 729 882 789 Ila
904 729 934 790 S.
962 730 1019 790 tttt.
1044 731 1199 811 Congrrp,

233 819 269 877 ld
285 823 360 896 sept.
379 820 467 893 tuat,
478 816 515 877 ad
532 819 607 892 t8r;
624 815 675 876 sed
696 835 755 876 non
775 815 893 877 ridetur
906 818 987 898 qudd
1004 818 1075 880 ideo
1096 819 1197 879 erote

231 905 276 966 sio
298 903 372 966 iuret
388 903 479 967 nullu.
496 905 569 966 Vide
591 905 734 966 Analecta
756 907 817 982 (23⁰
833 905 911 982 liro,
929 907 986 968 ool.
1004 910 1065 970 343
1082 917 1113 969 et
1130 911 1197 982 355]Ι

619 1040 772 1098 runtrutt
792 1041 813 1100 1.

524 1153 562 1200 nn
584 1155 775 1200 rnornssrora
797 1155 916 1200 raeiri.

272 1260 361 1320 2696.
384 1255 446 1318 Etsi
460 1262 529 1318 ante
543 1255 750 1318 Tridentinam
761 1257 919 1338 Synodum
930 1257 1014 1320 loeus
1024 1257 1197 1340 frequentior

232 1354 310 1410 esset
324 1347 420 1410 tacitae
435 1345 614 1408 professioni
627 1395 635 1423 ,
647 1353 776 1408 attamen
792 1349 808 1408 a
822 1355 958 1428 tempore
967 1347 1060 1426 hujus
1074 1349 1195 1410 Concdr.

233 1456 295 1499 uon
309 1439 435 1500 omnino
449 1435 536 1498 desiit
558 1437 657 1516 rigere
678 1436 850 1514 hujusmodi
870 1455 966 1517 genus
979 1437 1160 1518 profitendi,
1174 1447 1195 1496 n

233 1529 303 1589 satis
316 1533 480 1588 constater
492 1527 594 1586 donst.
611 1525 682 1585 Sinti
700 1529 722 1586 V
739 1524 789 1586 Ad
797 1525 971 1588 Romanum.

272 1621 357 1680 'l'unc
372 1615 561 1698 potissimum
576 1615 749 1695 contingere
765 1614 849 1690 solet,
861 1613 983 1696 quando
993 1614 1146 1678 Prolessio
1156 1633 1194 1674 er·

232 1725 344 1789 presso,
364 1712 484 1786 propter
502 1711 599 1765 certos
614 1703 761 1784 quosdam
774 1703 850 1782 juris
862 1703 1017 1776 delectus,
1034 1705 1094 1767 tuit
1109 1705 1191 1772 nulla,

233 1815 261 1857 v.
279 1816 322 1877 g.‚
339 1796 377 1857 oh
393 1800 524 1858 metum:
539 1795 562 1854 si
577 1794 676 1870 enim,
688 1802 770 1854 metu
784 1801 937 1871 cessante,
948 1793 1105 1874 professus
1118 1795 1194 1855 selur-

233 1889 278 1945 ler
300 1903 361 1945 non
376 1883 536 1958 reclamet,
554 1882 605 1944 sed
621 1888 774 1944 remaneat
794 1883 826 1943 in
841 1883 1023 1946 monasterio
1037 1891 1125 1945 aetus
1140 1901 1191 1964 pur·

234 1972 319 2034 fossis
337 1973 474 2054 proprios
492 1989 655 2048 exercens,
671 1990 707 2032 eo
721 1971 786 2052 ipso
801 1979 941 2034 censetur
953 1973 1076 2034 tacitam
1092 1973 1192 2034 erotu-

234 2062 351 2123 sionem
366 2060 462 2122 lacere
473 2080 481 2135 3
493 2061 517 2122 si
528 2062 613 2136 rerd,
626 2061 657 2122 in
671 2061 853 2122 monasterio
864 2067 1054 2143 permaneret
1063 2064 1134 2144 quia
1144 2059 1192 2122 nnl-

235 2149 346 2211 lilatem
365 2167 427 2211 suae
448 2147 644 2210 professionis
663 2151 797 2230 ignorat,
814 2149 944 2212 multllm
965 2151 1147 2232 disceptatur
1164 2167 1190 2210 an

234 2245 307 2300 tuno
320 2237 484 2300 ratlfioetur
498 2237 656 2299 Prolessio.
674 2238 763 2319 (Vide
779 2240 894 2317 Bouix,
909 2238 963 2314 ila,
979 2259 1010 2321 p.
1027 2241 1112 2320 6⁶24.)

273 2332 361 2390 2697.
386 2325 591 2408 Congruenter
601 2326 647 2387 his
662 2326 827 2408 principiis,
841 2328 954 2391 Concil.
965 2327 1046 2390 Trid.
1058 2331 1141 2408 (sess.
1153 2333 1189 2395 tl,

234 2437 299 2499 cap.
318 2421 372 2495 lll,
388 2417 421 2479 de
433 2416 588 2498 Περαίαν.)
599 2415 734 2477 decernit
746 2435 784 2477 ne
795 2417 875 2480 ullus
885 2418 1189 2500 postquinquenuiun

234 2515 337 2570 eontra
357 2504 554 2570 Prolessionis
572 2523 634 2566 suae
655 2505 787 2567 valorem
808 2507 971 2570 reclamare
989 2509 1110 2590 possit:
1133 2508 1189 2567 sant

234 2599 305 2680 quia
326 2599 432 2660 merito
450 2604 523 2658 tuno
546 2595 739 2677 praesumitur
754 2595 974 2659 Professlonern
992 2597 1100 2660 saltem
1120 2595 1190 2658 taciti

235 2687 405 2750 ralillcasse.

274 2777 328 2844 Dio
343 2781 381 2838 ‘29
396 2776 492 2838 martii
509 2778 603 2850 1598,
619 2777 651 2837 S.
667 2779 777 2856 congr.
794 2775 906 2838 Concil.
923 2785 1101 2858 sequentem
1114 2773 1188 2837 edidit

239 2864 502 2928 declarationem:
529 2887 543 2923 r
567 2866 597 2926 S.
622 2865 693 2926 C....
719 2867 835 2927 censuit
851 2865 933 2946 qudd
951 2865 1099 2928 Professio
1116 2864 1188 2926 luerit

237 2979 250 3012 u
275 2953 378 3016 nulla:
400 2974 436 3016 ex
459 2973 520 3035 quo
535 2961 635 3014 tamen
657 2961 722 3034 post
740 2956 892 3035 expletum
912 2971 1027 3016 annum
1052 2953 1188 3036 protam·

238 3073 252 3106 u
276 3044 322 3105 nis
344 3043 507 3125 permansit
530 3043 561 3102 in
576 3041 678 3104 habitu
697 3043 825 3124 regulari
849 3061 902 3124 per
922 3043 998 3104 duos
1012 3044 1057 3104 rel
1077 3051 1187 3104 tresan-

236 3154 251 3194 ν
276 3151 341 3210 nos,
357 3131 473 3192 censeri
489 3133 608 3191 tacita-m
625 3133 715 3193 luisse
730 3131 965 3198 l'rolrssionem.
982 3141 1011 3192 et
1024 3133 1081 3194 diei
1093 3131 1188 3212 prolir-

237 3245 250 3282 ο
274 3242 371 3282 suar.»
384 3219 616 3292 Quidamtamen
628 3220 789 3302 hoogenus
800 3219 1185 3304 ratificationlsimpugnanl:

237 3317 265 3370 et
282 3311 379 3370 locum
404 3327 464 3370 non
483 3308 571 3369 habet
592 3309 680 3371 hodio
694 3329 748 3392 pro
761 3311 888 3372 solemni
902 3311 1088 3372 Prolessione
1102 3318 1132 3372 ut
1144 3311 1187 3369 de·

238 3397 381 3456 claretum
402 3394 486 3457 lulla
502 3397 666 3458 Secretario
680 3401 841 3480 Congreg.‚
861 3418 951 3481 super
967 3408 1048 3461 statu
1068 3399 1185 3480 reputor.

239 3483 359 3542 nomino
374 3484 404 3542 S.
421 3484 592 3560 Pontillois,
609 3493 641 3546 ut
662 3487 790 3549 vidimus
807 3507 897 3570 supra
912 3489 1024 3568 (2690,
1041 3493 1110 3568 w).
1128 3486 1186 3546 tlt

240 3569 330 3629 Bouix
344 3617 351 3648 ‚
367 3571 453 3648 itit„
470 3593 499 3652 p.
513 3578 582 3650 ort,
598 3583 654 3634 eto.
