2522 3992
476 276 563 326 rsarn
583 277 701 326 narnus.
1015 258 1070 320 451

102 377 309 460 requimntus,
318 375 409 439 etiam
419 373 452 438 in
461 373 654 438 casuredittls
663 373 700 437 ed
708 371 1073 458 priscummonasterium,

102 471 137 529 ut
149 465 260 528 domus
273 482 329 528 sua
342 464 435 546 possit
449 464 603 546 privilegio
617 481 806 546 recuperare.

488 635 644 696 educturi
657 637 696 696 ll.

102 779 141 824 ns
162 774 365 824 nromlnrans
384 773 530 820 orsrrnsrs
551 773 591 818 nn
610 772 748 820 rnrsrum
767 773 841 822 ocos
862 774 1077 824 nsnsnnrraos.

144 902 235 963 2579.
247 901 321 961 Tres
334 901 406 960 sunt
419 913 507 958 casus
518 895 722 977 distinguendi
736 895 817 972 evei,
831 897 1021 980 regularibus
1033 917 1080 962 re·

104 989 286 1064 deuntibus,
302 984 419 1068 antiqui
433 993 599 1048 conventus
613 986 829 1062 restituuntur3
847 988 894 1050 vel
914 987 987 1050 alias
1001 986 1081 1051 ades

104 1085 255 1162 coguntur
269 1077 324 1140 sibi
345 1073 521 1138 habitandas
539 1094 716 1158 procurare,
732 1078 769 1140 ed
789 1075 872 1158 qudd
889 1079 1022 1160 antiquae
1038 1078 1081 1140 di·

104 1178 179 1233 rutae
202 1167 314 1231 fuerint
331 1171 383 1228 aut
402 1171 471 1227 sunl
494 1165 603 1246 injuste
617 1166 764 1242 detentae3
786 1167 832 1229 vel
850 1165 972 1230 tandem
994 1169 1031 1232 ed
1050 1167 1080 1230 id

104 1266 255 1341 coguntur
273 1257 310 1320 ed
324 1252 406 1338 quod
419 1254 551 1335 antiquae
565 1255 698 1336 legitime
714 1303 722 1333 ,
738 1256 914 1318 auctoritate
929 1257 959 1320 S.
979 1257 1079 1336 Sedis,

106 1346 400 1412 lueruntalienatae:
528 1369 531 1375 ·

145 1441 234 1502 2580.
251 1471 292 1484 -
306 1440 337 1498 l⁰
352 1437 381 1500 Si
395 1436 583 1519 regularibus
602 1435 800 1498 redeuntibus
816 1434 932 1516 antiqui
949 1453 1080 1500 conven-

106 1533 155 1590 tus
169 1526 373 1602 restituantur,
385 1526 531 1589 reassumi
542 1531 668 1607 possunt
678 1525 716 1586 ab
730 1525 802 1607 ipsis
815 1524 881 1586 sinb
895 1524 1014 1587 licentia
1026 1544 1082 1588 nec

108 1617 139 1679 S.
156 1615 241 1678 Sedis
254 1635 310 1679 nec
323 1615 470 1678 Ordinarii
481 1637 489 1691 ;
501 1615 637 1696 sequitur
650 1633 687 1676 cx
700 1613 789 1676 dictis
802 1613 832 1674 in
847 1619 961 1695 puncto
970 1633 1081 1695 praece-

106 1705 205 1781 denli;
221 1705 287 1768 etsi
301 1713 468 1768 conventus
479 1705 633 1786 dispersus
642 1721 712 1785 pars
725 1702 871 1765 duntaxat
884 1709 948 1764 erat
957 1703 1084 1782 alicujus

105 1795 353 1876 Congregalionis
365 1842 372 1866 ,
384 1795 432 1858 alii
448 1793 579 1875 religiosi
594 1800 701 1874 praeter
713 1793 870 1874 antiquos,
885 1792 962 1854 mitti
977 1795 994 1853 a
1009 1795 1083 1855 Pie

105 1885 173 1948 latis
194 1889 321 1967 possunt
333 1883 365 1946 in
379 1892 562 1947 conventum
583 1887 804 1963 reassumptum
818 1928 826 1956 ,
842 1880 913 1963 quia
924 1879 975 1960 jus
998 1881 1083 1944 illum

105 1973 312 2038 renssumendi
327 1973 365 2036 ad
380 1973 556 2056 Praepositos
566 1971 721 2054 generales
733 1970 880 2052 pertinen
899 1970 1083 2053 excipiendae

105 2071 177 2127 sunt
199 2071 302 2126 tamen
326 2063 474 2126 moniales
493 2081 562 2144 quae
585 2061 731 2124 clausurae
745 2060 843 2143 papali
863 2061 1081 2142 subjiciuntur:

106 2153 258 2236 siquidem
282 2156 315 2217 S.
341 2153 476 2216 Pontifex
497 2152 578 2214 solus
598 2157 696 2233 potest
713 2149 886 2230 hujusmodi
913 2150 1083 2214 clausuram

107 2252 238 2306 statuere
261 2249 291 2305 et
317 2243 349 2304 in
371 2241 605 2323 eddispensnre.
634 2239 721 2318 (Vide
747 2240 913 2318 Analecta,
928 2243 980 2302 21⁰
1003 2241 1081 2320 livr.,

106 2332 321 2410 col.98·l00.)
435 2385 438 2390 .

147 2421 178 2484 Si
206 2420 341 2484 dirutum
362 2419 467 2483 luisset
486 2426 724 2496 monasterium,
740 2417 936 2482 nibilominus
955 2421 1083 2483 reaedili·

106 2511 167 2574 ceri
183 2519 282 2593 posset
296 2511 314 2572 a
328 2509 476 2591 religiosis
485 2507 696 2582 redeuntibus,
709 2508 773 2570 sine
789 2507 1016 2570 formalitatibus
1030 2528 1085 2591 pro

108 2601 176 2662 novi
187 2602 354 2663 conventus
368 2598 518 2662 erectione
532 2597 683 2679 requisitis
695 2617 703 2672 ;
719 2595 771 2658 sed
786 2595 843 2658 hoc
857 2613 918 2658 non
933 2599 971 2658 ab
985 2598 1084 2658 omni-

108 2688 166 2751 bus
189 2689 367 2765 admittitur,
387 2693 423 2750 ut
443 2686 545 2750 ridere
565 2692 611 2748 est
624 2684 705 2767 apud
722 2686 757 2746 l).
779 2685 874 2747 Bonis
888 2683 943 2766 (De
961 2685 1083 2767 nepot,

108 2786 183 2840 tom.
201 2781 230 2854 l,
246 2797 277 2859 p.
294 2780 375 2856 363).

149 2871 238 2930 2581.
249 2871 330 2929 -20
342 2869 429 2940 ltem,
446 2864 560 2948 absque
573 2863 662 2927 dictis
675 2863 919 2942 formalitatibus,
933 2866 1086 2948 regulares

108 2956 270 3020 redeuntes
285 2957 360 3038 (sire
381 2956 493 3032 iidem,
510 2953 571 3017 sire
593 2952 642 3016 alii
665 2953 796 3034 religiosi
813 2954 948 3034 ejusdem
966 2956 1084 3020 Ordinis

108 3045 285 3128 regulariter
308 3043 446 3128 professi)
476 3061 568 3106 novas
594 3041 691 3120 aedes,
712 3043 736 3105 si
755 3043 887 3126 antiquae
905 3045 1012 3110 dirulae
1033 3055 1086 3109 aut

110 3135 220 3214 injuste
244 3132 373 3198 ducentae
387 3135 467 3211 sint,
483 3133 540 3196 sibi
560 3133 714 3215 acquirere
735 3141 878 3215 possunt,
893 3135 959 3197 sine
970 3137 1084 3214 jactura

109 3225 280 3306 priscorum
293 3241 419 3286 suorum
431 3223 548 3302 jurium
562 3227 592 3285 et
601 3221 837 3304 privilegiorum.
849 3224 881 3285 ld
896 3224 1087 3287 concluditur

108 3330 146 3376 ex
159 3331 196 3374 eo
211 3311 291 3394 qudd
307 3313 347 3375 illi
362 3313 532 3394 regulares,
547 3313 647 3388 certo,
663 3321 731 3374 ante
745 3330 831 3374 suam
847 3313 1084 3393 dispersionem,

109 3401 263 3464 habebant
273 3403 324 3482 jus
332 3409 515 3465 conventum
530 3419 619 3464 suum
635 3401 665 3461 in
676 3401 768 3463 alium
779 3401 869 3463 situm
880 3401 1015 3481 ejusdem
1031 3403 1086 3465 loci

109 3490 315 3553 convertendi.
333 3492 445 3573 Excipe
461 3498 561 3554 umen
575 3489 677 3552 denud
696 3507 767 3552 cum
777 3490 1088 3574 Analeotr'sjur.'pon·

110 3579 201 3662 tificr'z'
215 3583 277 3659 (ἓν
292 3580 371 3659 livr.,
387 3581 445 3642 col.
461 3584 535 3655 168,
551 3587 584 3640 n⁰
599 3583 648 3658 69)
662 3579 687 3640 si
701 3587 841 3660 ageretur
853 3578 892 3641 de
907 3581 1088 3643 monialibus

110 3667 260 3730 solemnia
274 3673 342 3730 vota
355 3665 584 3748 profitentibusr
600 3667 672 3746 quis
692 3665 790 3728 virere
809 3665 921 3730 debent
934 3665 992 3732 sub
1005 3668 1087 3734 clou-
