<?xml version="1.0" encoding="UTF-8"?>
<!DOCTYPE html PUBLIC "-//W3C//DTD XHTML 1.0 Transitional//EN"
    "http://www.w3.org/TR/xhtml1/DTD/xhtml1-transitional.dtd">
<html xmlns="http://www.w3.org/1999/xhtml" xml:lang="en" lang="en">
 <head>
  <title>
</title>
<meta http-equiv="Content-Type" content="text/html;charset=utf-8" />
  <meta name='ocr-system' content='tesseract 3.04.00' />
  <meta name='ocr-capabilities' content='ocr_page ocr_carea ocr_par ocr_line ocrx_word'/>
</head>
<body>
  <div class='ocr_page' id='page_1' title='image "./manualetotiusju01craigoog_0314.png"; bbox 0 0 2522 4028; ppageno 0'>
   <div class='ocr_carea' id='block_1_1' title="bbox 461 229 1056 295">
    <p class='ocr_par' dir='ltr' id='par_1_1' title="bbox 461 229 1056 295">
     <span class='ocr_line' id='line_1_1' title="bbox 461 229 1056 295; baseline -0.007 0"><span class='ocrx_word' id='word_1_1' title='bbox 461 249 547 295; x_wconf 79' lang='lat' dir='ltr'>utem</span> <span class='ocrx_word' id='word_1_2' title='bbox 568 246 684 290; x_wconf 81' lang='lat' dir='ltr'>antuus.</span> <span class='ocrx_word' id='word_1_3' title='bbox 998 229 1056 292; x_wconf 82' lang='lat'>305</span> 
     </span>
    </p>
   </div>
   <div class='ocr_carea' id='block_1_2' title="bbox 81 342 1132 3718">
    <p class='ocr_par' dir='ltr' id='par_1_2' title="bbox 81 342 1056 696">
     <span class='ocr_line' id='line_1_2' title="bbox 81 342 1056 424; baseline -0.004 -14"><span class='ocrx_word' id='word_1_4' title='bbox 81 348 167 414; x_wconf 86' lang='lat' dir='ltr'>clarii</span> <span class='ocrx_word' id='word_1_5' title='bbox 182 355 244 408; x_wconf 88' lang='lat' dir='ltr'>non</span> <span class='ocrx_word' id='word_1_6' title='bbox 259 346 402 408; x_wconf 80' lang='lat' dir='ltr'>canonici</span> <span class='ocrx_word' id='word_1_7' title='bbox 415 391 423 414; x_wconf 87' lang='grc'>,</span> <span class='ocrx_word' id='word_1_8' title='bbox 438 344 528 407; x_wconf 89' lang='lat' dir='ltr'>etiam</span> <span class='ocrx_word' id='word_1_9' title='bbox 544 361 600 406; x_wconf 87' lang='lat' dir='ltr'>nee</span> <span class='ocrx_word' id='word_1_10' title='bbox 619 342 676 424; x_wconf 92' lang='lat' dir='ltr'>ipsi</span> <span class='ocrx_word' id='word_1_11' title='bbox 697 342 838 406; x_wconf 82' lang='lat' dir='ltr'>Canoniei</span> <span class='ocrx_word' id='word_1_12' title='bbox 856 360 1056 424; x_wconf 89' lang='lat' dir='ltr'>supernume-</span> 
     </span>
     <span class='ocr_line' id='line_1_3' title="bbox 83 433 1056 517; baseline -0.004 -18"><span class='ocrx_word' id='word_1_13' title='bbox 83 437 166 500; x_wconf 89' lang='lat' dir='ltr'>rarii.</span> <span class='ocrx_word' id='word_1_14' title='bbox 187 438 274 498; x_wconf 84' lang='lat' dir='ltr'>Hane</span> <span class='ocrx_word' id='word_1_15' title='bbox 287 436 463 517; x_wconf 79' lang='lat' dir='ltr'>opinionem</span> <span class='ocrx_word' id='word_1_16' title='bbox 478 435 540 495; x_wconf 88' lang='lat' dir='ltr'>llD.</span> <span class='ocrx_word' id='word_1_17' title='bbox 556 434 757 496; x_wconf 82' lang='lat' dir='ltr'>communiter</span> <span class='ocrx_word' id='word_1_18' title='bbox 775 441 952 513; x_wconf 87' lang='lat' dir='ltr'>sequuntur.</span> <span class='ocrx_word' id='word_1_19' title='bbox 969 433 1056 495; x_wconf 76' lang='lat' dir='ltr'>Exei-</span> 
     </span>
     <span class='ocr_line' id='line_1_4' title="bbox 82 521 1056 609; baseline -0.004 -21"><span class='ocrx_word' id='word_1_20' title='bbox 82 529 167 609; x_wconf 90' lang='lat' dir='ltr'>pitur</span> <span class='ocrx_word' id='word_1_21' title='bbox 180 543 298 608; x_wconf 88' lang='lat' dir='ltr'>semper</span> <span class='ocrx_word' id='word_1_22' title='bbox 312 543 400 588; x_wconf 87' lang='lat' dir='ltr'>casus</span> <span class='ocrx_word' id='word_1_23' title='bbox 414 524 444 585; x_wconf 92' lang='lat' dir='ltr'>in</span> <span class='ocrx_word' id='word_1_24' title='bbox 462 540 524 605; x_wconf 91' lang='lat' dir='ltr'>quo</span> <span class='ocrx_word' id='word_1_25' title='bbox 537 539 636 600; x_wconf 84' lang='lat' dir='ltr'>secus,</span> <span class='ocrx_word' id='word_1_26' title='bbox 655 529 763 584; x_wconf 89' lang='lat' dir='ltr'>statuto</span> <span class='ocrx_word' id='word_1_27' title='bbox 773 521 1056 601; x_wconf 86' lang='lat' dir='ltr'>velooasuetudlne‚</span> 
     </span>
     <span class='ocr_line' id='line_1_5' title="bbox 84 617 308 696; baseline -0.004 -19"><span class='ocrx_word' id='word_1_28' title='bbox 84 617 308 696; x_wconf 70' lang='lat' dir='ltr'>disponeretur.</span> 
     </span>
    </p>

    <p class='ocr_par' dir='ltr' id='par_1_3' title="bbox 85 698 1057 1050">
     <span class='ocr_line' id='line_1_6' title="bbox 127 698 1057 783; baseline -0.005 -17"><span class='ocrx_word' id='word_1_29' title='bbox 127 707 217 766; x_wconf 79' lang='lat' dir='ltr'>altu.</span> <span class='ocrx_word' id='word_1_30' title='bbox 236 703 317 766; x_wconf 86' lang='lat' dir='ltr'>Noto</span> <span class='ocrx_word' id='word_1_31' title='bbox 335 708 436 766; x_wconf 89' lang='lat' dir='ltr'>autem</span> <span class='ocrx_word' id='word_1_32' title='bbox 450 700 532 783; x_wconf 87' lang='lat' dir='ltr'>qudd</span> <span class='ocrx_word' id='word_1_33' title='bbox 545 698 749 764; x_wconf 80' lang='lat' dir='ltr'>communiter</span> <span class='ocrx_word' id='word_1_34' title='bbox 766 699 931 781; x_wconf 82' lang='lat' dir='ltr'>Dignitales</span> <span class='ocrx_word' id='word_1_35' title='bbox 944 699 1057 762; x_wconf 82' lang='lat' dir='ltr'>soleant</span> 
     </span>
     <span class='ocr_line' id='line_1_7' title="bbox 86 788 1057 874; baseline -0.005 -19"><span class='ocrx_word' id='word_1_36' title='bbox 86 811 153 855; x_wconf 90' lang='lat' dir='ltr'>esse</span> <span class='ocrx_word' id='word_1_37' title='bbox 175 791 213 854; x_wconf 91' lang='lat' dir='ltr'>de</span> <span class='ocrx_word' id='word_1_38' title='bbox 236 792 391 874; x_wconf 68' lang='lat' dir='ltr'>capitulo,</span> <span class='ocrx_word' id='word_1_39' title='bbox 416 791 477 853; x_wconf 84' lang='lat' dir='ltr'>sive</span> <span class='ocrx_word' id='word_1_40' title='bbox 499 797 608 852; x_wconf 84' lang='lat' dir='ltr'>statuto</span> <span class='ocrx_word' id='word_1_41' title='bbox 631 789 692 852; x_wconf 89' lang='lat' dir='ltr'>sive</span> <span class='ocrx_word' id='word_1_42' title='bbox 714 788 941 851; x_wconf 79' lang='lat' dir='ltr'>consuetudine.</span> <span class='ocrx_word' id='word_1_43' title='bbox 970 788 1004 850; x_wconf 91' lang='lat' dir='ltr'>ld</span> <span class='ocrx_word' id='word_1_44' title='bbox 1027 789 1057 850; x_wconf 95' lang='lat' dir='ltr'>in</span> 
     </span>
     <span class='ocr_line' id='line_1_8' title="bbox 85 877 1057 962; baseline -0.002 -20"><span class='ocrx_word' id='word_1_45' title='bbox 85 881 171 948; x_wconf 76' lang='lat' dir='ltr'>ltalia</span> <span class='ocrx_word' id='word_1_46' title='bbox 193 882 372 962; x_wconf 70' lang='lat' dir='ltr'>generaliter</span> <span class='ocrx_word' id='word_1_47' title='bbox 393 880 494 942; x_wconf 82' lang='lat' dir='ltr'>lorum</span> <span class='ocrx_word' id='word_1_48' title='bbox 516 878 625 955; x_wconf 90' lang='lat' dir='ltr'>habet;</span> <span class='ocrx_word' id='word_1_49' title='bbox 641 879 672 940; x_wconf 91' lang='lat' dir='ltr'>in</span> <span class='ocrx_word' id='word_1_50' title='bbox 693 878 759 941; x_wconf 90' lang='lat' dir='ltr'>aliis</span> <span class='ocrx_word' id='word_1_51' title='bbox 780 879 850 939; x_wconf 85' lang='lat' dir='ltr'>verb</span> <span class='ocrx_word' id='word_1_52' title='bbox 863 877 1057 960; x_wconf 79' lang='lat' dir='ltr'>regionibus,</span> 
     </span>
     <span class='ocr_line' id='line_1_9' title="bbox 86 967 740 1050; baseline -0.006 -18"><span class='ocrx_word' id='word_1_53' title='bbox 86 970 272 1050; x_wconf 83' lang='lat' dir='ltr'>frequenter.</span> <span class='ocrx_word' id='word_1_54' title='bbox 286 971 362 1032; x_wconf 85' lang='lat' dir='ltr'>vtde</span> <span class='ocrx_word' id='word_1_55' title='bbox 377 969 473 1031; x_wconf 84' lang='lat' dir='ltr'>Bouix</span> <span class='ocrx_word' id='word_1_56' title='bbox 487 967 552 1048; x_wconf 69' lang='lat' dir='ltr'>(ila,</span> <span class='ocrx_word' id='word_1_57' title='bbox 567 988 598 1049; x_wconf 88' lang='lat' dir='ltr'>p.</span> <span class='ocrx_word' id='word_1_58' title='bbox 616 971 665 1043; x_wconf 85' lang='grc'>68,</span> <span class='ocrx_word' id='word_1_59' title='bbox 679 970 740 1046; x_wconf 85' lang='grc'>69).</span> 
     </span>
    </p>

    <p class='ocr_par' dir='ltr' id='par_1_4' title="bbox 87 1054 1060 1226">
     <span class='ocr_line' id='line_1_10' title="bbox 128 1054 1060 1130; baseline -0.003 -10"><span class='ocrx_word' id='word_1_60' title='bbox 128 1063 217 1120; x_wconf 67' lang='lat' dir='ltr'>bill.</span> <span class='ocrx_word' id='word_1_61' title='bbox 234 1057 354 1130; x_wconf 82' lang='lat' dir='ltr'>Quaerit.</span> <span class='ocrx_word' id='word_1_62' title='bbox 376 1062 408 1119; x_wconf 73' lang='lat'>2⁰</span> <span class='ocrx_word' id='word_1_63' title='bbox 423 1059 501 1130; x_wconf 78' lang='lat' dir='ltr'>Quot</span> <span class='ocrx_word' id='word_1_64' title='bbox 515 1074 642 1119; x_wconf 89' lang='lat' dir='ltr'>numero</span> <span class='ocrx_word' id='word_1_65' title='bbox 657 1074 722 1118; x_wconf 89' lang='lat' dir='ltr'>esse</span> <span class='ocrx_word' id='word_1_66' title='bbox 741 1055 870 1118; x_wconf 88' lang='lat' dir='ltr'>debeant</span> <span class='ocrx_word' id='word_1_67' title='bbox 887 1054 1060 1118; x_wconf 82' lang='lat' dir='ltr'>Canoniei?</span> 
     </span>
     <span class='ocr_line' id='line_1_11' title="bbox 87 1145 982 1226; baseline -0.002 -18"><span class='ocrx_word' id='word_1_68' title='bbox 87 1149 167 1208; x_wconf 86' lang='lat' dir='ltr'>-Et</span> <span class='ocrx_word' id='word_1_69' title='bbox 181 1157 281 1209; x_wconf 88' lang='lat' dir='ltr'>utrum</span> <span class='ocrx_word' id='word_1_70' title='bbox 295 1147 391 1209; x_wconf 87' lang='lat' dir='ltr'>valeat</span> <span class='ocrx_word' id='word_1_71' title='bbox 404 1163 510 1209; x_wconf 90' lang='lat' dir='ltr'>eorum</span> <span class='ocrx_word' id='word_1_72' title='bbox 525 1163 671 1208; x_wconf 88' lang='lat' dir='ltr'>numerus</span> <span class='ocrx_word' id='word_1_73' title='bbox 684 1145 787 1226; x_wconf 82' lang='lat' dir='ltr'>augeri</span> <span class='ocrx_word' id='word_1_74' title='bbox 802 1145 847 1207; x_wconf 91' lang='lat' dir='ltr'>vel</span> <span class='ocrx_word' id='word_1_75' title='bbox 862 1145 982 1206; x_wconf 86' lang='lat' dir='ltr'>minui?</span> 
     </span>
    </p>

    <p class='ocr_par' dir='ltr' id='par_1_5' title="bbox 89 1233 1132 1497">
     <span class='ocr_line' id='line_1_12' title="bbox 129 1233 1059 1316; baseline -0.004 -17"><span class='ocrx_word' id='word_1_76' title='bbox 129 1237 220 1316; x_wconf 86' lang='lat' dir='ltr'>Resp.</span> <span class='ocrx_word' id='word_1_77' title='bbox 244 1241 275 1298; x_wconf 81' lang='lat' dir='ltr'>l⁰</span> <span class='ocrx_word' id='word_1_78' title='bbox 290 1238 377 1298; x_wconf 85' lang='lat' dir='ltr'>Hune</span> <span class='ocrx_word' id='word_1_79' title='bbox 400 1253 561 1298; x_wconf 88' lang='lat' dir='ltr'>numerum</span> <span class='ocrx_word' id='word_1_80' title='bbox 581 1253 643 1296; x_wconf 91' lang='lat' dir='ltr'>non</span> <span class='ocrx_word' id='word_1_81' title='bbox 667 1233 857 1296; x_wconf 87' lang='lat' dir='ltr'>determinari</span> <span class='ocrx_word' id='word_1_82' title='bbox 877 1237 894 1296; x_wconf 72' lang='lat' dir='ltr'>a</span> <span class='ocrx_word' id='word_1_83' title='bbox 911 1235 991 1314; x_wconf 80' lang='lat' dir='ltr'>jure,</span> <span class='ocrx_word' id='word_1_84' title='bbox 1007 1233 1059 1296; x_wconf 82' lang='lat' dir='ltr'>sed</span> 
     </span>
     <span class='ocr_line' id='line_1_13' title="bbox 89 1322 1132 1405; baseline -0.002 -19"><span class='ocrx_word' id='word_1_85' title='bbox 89 1324 220 1405; x_wconf 85' lang='lat' dir='ltr'>relinqui</span> <span class='ocrx_word' id='word_1_86' title='bbox 245 1325 359 1403; x_wconf 85' lang='lat' dir='ltr'>judicio</span> <span class='ocrx_word' id='word_1_87' title='bbox 383 1327 414 1388; x_wconf 89' lang='lat' dir='ltr'>S.</span> <span class='ocrx_word' id='word_1_88' title='bbox 444 1322 614 1402; x_wconf 74' lang='lat' dir='ltr'>Pontibus,</span> <span class='ocrx_word' id='word_1_89' title='bbox 643 1323 790 1405; x_wconf 84' lang='lat' dir='ltr'>adquam</span> <span class='ocrx_word' id='word_1_90' title='bbox 812 1323 911 1386; x_wconf 91' lang='lat' dir='ltr'>solum</span> <span class='ocrx_word' id='word_1_91' title='bbox 932 1325 1060 1404; x_wconf 80' lang='lat' dir='ltr'>pertinet</span> <span class='ocrx_word' id='word_1_92' title='bbox 1127 1368 1132 1374; x_wconf 80' lang='lat'><em>-</em></span> 
     </span>
     <span class='ocr_line' id='line_1_14' title="bbox 89 1413 564 1497; baseline -0.002 -21"><span class='ocrx_word' id='word_1_93' title='bbox 89 1415 207 1495; x_wconf 84' lang='lat' dir='ltr'>erigere</span> <span class='ocrx_word' id='word_1_94' title='bbox 221 1415 354 1497; x_wconf 85' lang='lat' dir='ltr'>Capitale</span> <span class='ocrx_word' id='word_1_95' title='bbox 369 1413 564 1476; x_wconf 85' lang='lat' dir='ltr'>Cathedralia.</span> 
     </span>
    </p>

    <p class='ocr_par' dir='ltr' id='par_1_6' title="bbox 90 1501 1060 1763">
     <span class='ocr_line' id='line_1_15' title="bbox 131 1501 1059 1584; baseline 0 -20"><span class='ocrx_word' id='word_1_96' title='bbox 131 1507 273 1564; x_wconf 79' lang='lat' dir='ltr'>Attamen</span> <span class='ocrx_word' id='word_1_97' title='bbox 294 1522 350 1566; x_wconf 91' lang='lat' dir='ltr'>neo</span> <span class='ocrx_word' id='word_1_98' title='bbox 368 1503 441 1584; x_wconf 87' lang='lat' dir='ltr'>ipsae</span> <span class='ocrx_word' id='word_1_99' title='bbox 463 1502 630 1583; x_wconf 83' lang='lat' dir='ltr'>Colleglatae</span> <span class='ocrx_word' id='word_1_100' title='bbox 651 1501 766 1564; x_wconf 90' lang='lat' dir='ltr'>institui</span> <span class='ocrx_word' id='word_1_101' title='bbox 786 1506 931 1583; x_wconf 86' lang='lat' dir='ltr'>possunt,</span> <span class='ocrx_word' id='word_1_102' title='bbox 953 1501 977 1562; x_wconf 93' lang='lat' dir='ltr'>si</span> <span class='ocrx_word' id='word_1_103' title='bbox 1000 1519 1059 1565; x_wconf 89' lang='lat' dir='ltr'>non</span> 
     </span>
     <span class='ocr_line' id='line_1_16' title="bbox 90 1591 1060 1669; baseline -0.002 -15"><span class='ocrx_word' id='word_1_104' title='bbox 90 1591 222 1654; x_wconf 86' lang='lat' dir='ltr'>babeant</span> <span class='ocrx_word' id='word_1_105' title='bbox 232 1591 337 1654; x_wconf 89' lang='lat' dir='ltr'>sallem</span> <span class='ocrx_word' id='word_1_106' title='bbox 351 1599 412 1655; x_wconf 91' lang='lat' dir='ltr'>tres</span> <span class='ocrx_word' id='word_1_107' title='bbox 425 1591 609 1668; x_wconf 83' lang='lat' dir='ltr'>Canonioos3</span> <span class='ocrx_word' id='word_1_108' title='bbox 625 1591 693 1653; x_wconf 87' lang='lat' dir='ltr'>licet</span> <span class='ocrx_word' id='word_1_109' title='bbox 706 1591 799 1654; x_wconf 88' lang='lat' dir='ltr'>semel</span> <span class='ocrx_word' id='word_1_110' title='bbox 812 1596 934 1669; x_wconf 83' lang='lat' dir='ltr'>erectae,</span> <span class='ocrx_word' id='word_1_111' title='bbox 948 1591 1060 1652; x_wconf 91' lang='lat' dir='ltr'>subsis-</span> 
     </span>
     <span class='ocr_line' id='line_1_17' title="bbox 91 1681 569 1763; baseline -0.008 -18"><span class='ocrx_word' id='word_1_112' title='bbox 91 1688 155 1745; x_wconf 82' lang='lat' dir='ltr'>tere</span> <span class='ocrx_word' id='word_1_113' title='bbox 169 1681 399 1763; x_wconf 63' lang='lat' dir='ltr'>passionalem</span> <span class='ocrx_word' id='word_1_114' title='bbox 413 1699 484 1743; x_wconf 86' lang='lat' dir='ltr'>oum</span> <span class='ocrx_word' id='word_1_115' title='bbox 497 1698 569 1742; x_wconf 91' lang='lat' dir='ltr'>uno.</span> 
     </span>
    </p>

    <p class='ocr_par' dir='ltr' id='par_1_7' title="bbox 91 1768 1107 2915">
     <span class='ocr_line' id='line_1_18' title="bbox 132 1768 1061 1852; baseline -0.001 -20"><span class='ocrx_word' id='word_1_116' title='bbox 132 1774 224 1834; x_wconf 76' lang='lat'><strong>2178.</strong></span> <span class='ocrx_word' id='word_1_117' title='bbox 241 1771 330 1852; x_wconf 89' lang='lat' dir='ltr'>llesp.</span> <span class='ocrx_word' id='word_1_118' title='bbox 346 1775 378 1832; x_wconf 76' lang='lat'>2⁰</span> <span class='ocrx_word' id='word_1_119' title='bbox 397 1770 566 1851; x_wconf 85' lang='lat' dir='ltr'>Capitulum</span> <span class='ocrx_word' id='word_1_120' title='bbox 580 1787 645 1832; x_wconf 90' lang='lat' dir='ltr'>esse</span> <span class='ocrx_word' id='word_1_121' title='bbox 662 1769 708 1831; x_wconf 90' lang='lat' dir='ltr'>vel</span> <span class='ocrx_word' id='word_1_122' title='bbox 726 1771 916 1832; x_wconf 87' lang='lat' dir='ltr'>numeratum</span> <span class='ocrx_word' id='word_1_123' title='bbox 935 1768 981 1830; x_wconf 84' lang='lat' dir='ltr'>vel</span> <span class='ocrx_word' id='word_1_124' title='bbox 1000 1787 1061 1831; x_wconf 89' lang='lat' dir='ltr'>non</span> 
     </span>
     <span class='ocr_line' id='line_1_19' title="bbox 93 1857 1061 1940; baseline -0.001 -18"><span class='ocrx_word' id='word_1_125' title='bbox 93 1868 305 1922; x_wconf 90' lang='lat' dir='ltr'>numeratum:</span> <span class='ocrx_word' id='word_1_126' title='bbox 322 1859 346 1920; x_wconf 90' lang='lat' dir='ltr'>si</span> <span class='ocrx_word' id='word_1_127' title='bbox 365 1867 554 1920; x_wconf 86' lang='lat' dir='ltr'>numeratum</span> <span class='ocrx_word' id='word_1_128' title='bbox 576 1859 613 1920; x_wconf 90' lang='lat' dir='ltr'>sil</span> <span class='ocrx_word' id='word_1_129' title='bbox 626 1861 665 1938; x_wconf 87' lang='lat' dir='ltr'>(et</span> <span class='ocrx_word' id='word_1_130' title='bbox 682 1858 739 1920; x_wconf 86' lang='lat' dir='ltr'>tale</span> <span class='ocrx_word' id='word_1_131' title='bbox 758 1865 802 1920; x_wconf 90' lang='lat' dir='ltr'>est</span> <span class='ocrx_word' id='word_1_132' title='bbox 820 1857 942 1940; x_wconf 89' lang='lat' dir='ltr'>quando</span> <span class='ocrx_word' id='word_1_133' title='bbox 962 1859 1061 1940; x_wconf 87' lang='lat' dir='ltr'>aliquo</span> 
     </span>
     <span class='ocr_line' id='line_1_20' title="bbox 91 1947 1107 2024; baseline 0.001 -14"><span class='ocrx_word' id='word_1_134' title='bbox 91 1948 184 2010; x_wconf 87' lang='lat' dir='ltr'>modo</span> <span class='ocrx_word' id='word_1_135' title='bbox 209 1949 426 2010; x_wconf 87' lang='lat' dir='ltr'>determinatus</span> <span class='ocrx_word' id='word_1_136' title='bbox 449 1947 503 2008; x_wconf 84' lang='lat' dir='ltr'>tuit</span> <span class='ocrx_word' id='word_1_137' title='bbox 529 1965 674 2010; x_wconf 88' lang='lat' dir='ltr'>numurus</span> <span class='ocrx_word' id='word_1_138' title='bbox 702 1947 942 2024; x_wconf 74' lang='lat' dir='ltr'>canonicorum,</span> <span class='ocrx_word' id='word_1_139' title='bbox 967 1949 1005 2010; x_wconf 91' lang='lat' dir='ltr'>ita</span> <span class='ocrx_word' id='word_1_140' title='bbox 1030 1955 1062 2011; x_wconf 90' lang='lat' dir='ltr'>ul</span> <span class='ocrx_word' id='word_1_141' title='bbox 1105 1993 1107 1998; x_wconf 88' lang='lat'>-</span> 
     </span>
     <span class='ocr_line' id='line_1_21' title="bbox 92 2035 1105 2118; baseline 0.002 -20"><span class='ocrx_word' id='word_1_142' title='bbox 92 2045 224 2118; x_wconf 80' lang='lat' dir='ltr'>nequeat</span> <span class='ocrx_word' id='word_1_143' title='bbox 251 2037 373 2117; x_wconf 84' lang='lat' dir='ltr'>augeri,</span> <span class='ocrx_word' id='word_1_144' title='bbox 397 2035 478 2117; x_wconf 91' lang='lat' dir='ltr'>quod</span> <span class='ocrx_word' id='word_1_145' title='bbox 501 2035 609 2117; x_wconf 77' lang='lat' dir='ltr'>triplici</span> <span class='ocrx_word' id='word_1_146' title='bbox 631 2035 723 2099; x_wconf 91' lang='lat' dir='ltr'>modo</span> <span class='ocrx_word' id='word_1_147' title='bbox 746 2039 919 2117; x_wconf 86' lang='lat' dir='ltr'>contingere</span> <span class='ocrx_word' id='word_1_148' title='bbox 941 2045 1060 2118; x_wconf 89' lang='lat' dir='ltr'>polest:</span> <span class='ocrx_word' id='word_1_149' title='bbox 1099 2042 1105 2062; x_wconf 51' lang='lat' dir='ltr'>l</span> 
     </span>
     <span class='ocr_line' id='line_1_22' title="bbox 92 2125 1063 2207; baseline 0 -19"><span class='ocrx_word' id='word_1_150' title='bbox 92 2129 125 2188; x_wconf 81' lang='lat' dir='ltr'>l⁰</span> <span class='ocrx_word' id='word_1_151' title='bbox 139 2129 157 2187; x_wconf 78' lang='lat' dir='ltr'>it</span> <span class='ocrx_word' id='word_1_152' title='bbox 173 2127 269 2207; x_wconf 73' lang='lat' dir='ltr'>Papa,</span> <span class='ocrx_word' id='word_1_153' title='bbox 286 2129 317 2187; x_wconf 74' lang='lat'>2⁰</span> <span class='ocrx_word' id='word_1_154' title='bbox 333 2125 371 2187; x_wconf 91' lang='lat' dir='ltr'>ab</span> <span class='ocrx_word' id='word_1_155' title='bbox 391 2125 540 2206; x_wconf 76' lang='lat' dir='ltr'>Episcopo</span> <span class='ocrx_word' id='word_1_156' title='bbox 558 2125 595 2187; x_wconf 89' lang='lat' dir='ltr'>de</span> <span class='ocrx_word' id='word_1_157' title='bbox 614 2125 739 2187; x_wconf 87' lang='lat' dir='ltr'>oonsilio</span> <span class='ocrx_word' id='word_1_158' title='bbox 756 2125 900 2207; x_wconf 84' lang='lat' dir='ltr'>Capituli,</span> <span class='ocrx_word' id='word_1_159' title='bbox 915 2129 947 2187; x_wconf 75' lang='grc' dir='ltr'>3ο</span> <span class='ocrx_word' id='word_1_160' title='bbox 962 2129 979 2187; x_wconf 79' lang='lat' dir='ltr'>a</span> <span class='ocrx_word' id='word_1_161' title='bbox 992 2145 1063 2189; x_wconf 90' lang='lat' dir='ltr'>oon-</span> 
     </span>
     <span class='ocr_line' id='line_1_23' title="bbox 92 2213 1062 2296; baseline 0.002 -20"><span class='ocrx_word' id='word_1_162' title='bbox 92 2214 286 2290; x_wconf 89' lang='lat' dir='ltr'>suetudine)‚</span> <span class='ocrx_word' id='word_1_163' title='bbox 308 2215 411 2276; x_wconf 77' lang='lat' dir='ltr'>tunae</span> <span class='ocrx_word' id='word_1_164' title='bbox 432 2213 496 2275; x_wconf 91' lang='lat' dir='ltr'>solo</span> <span class='ocrx_word' id='word_1_165' title='bbox 515 2215 593 2294; x_wconf 77' lang='lat' dir='ltr'>Papa</span> <span class='ocrx_word' id='word_1_166' title='bbox 615 2214 717 2296; x_wconf 83' lang='lat' dir='ltr'>augeri</span> <span class='ocrx_word' id='word_1_167' title='bbox 731 2219 827 2295; x_wconf 88' lang='lat' dir='ltr'>potest</span> <span class='ocrx_word' id='word_1_168' title='bbox 848 2213 1062 2278; x_wconf 84' lang='lat' dir='ltr'>determinatus</span> 
     </span>
     <span class='ocr_line' id='line_1_24' title="bbox 93 2303 1062 2384; baseline 0.004 -20"><span class='ocrx_word' id='word_1_169' title='bbox 93 2303 316 2366; x_wconf 76' lang='lat' dir='ltr'>canonicorum</span> <span class='ocrx_word' id='word_1_170' title='bbox 332 2321 477 2366; x_wconf 89' lang='lat' dir='ltr'>numerus</span> <span class='ocrx_word' id='word_1_171' title='bbox 491 2303 521 2363; x_wconf 91' lang='lat' dir='ltr'>in</span> <span class='ocrx_word' id='word_1_172' title='bbox 533 2303 639 2384; x_wconf 81' lang='lat' dir='ltr'>triplici</span> <span class='ocrx_word' id='word_1_173' title='bbox 655 2321 725 2366; x_wconf 82' lang='lat' dir='ltr'>casu</span> <span class='ocrx_word' id='word_1_174' title='bbox 743 2322 750 2362; x_wconf 91' lang='lat'>:</span> <span class='ocrx_word' id='word_1_175' title='bbox 767 2307 797 2364; x_wconf 82' lang='lat' dir='ltr'>l⁰</span> <span class='ocrx_word' id='word_1_176' title='bbox 816 2303 839 2364; x_wconf 91' lang='lat' dir='ltr'>si</span> <span class='ocrx_word' id='word_1_177' title='bbox 856 2303 903 2365; x_wconf 90' lang='lat' dir='ltr'>hio</span> <span class='ocrx_word' id='word_1_178' title='bbox 918 2323 1062 2368; x_wconf 87' lang='lat' dir='ltr'>numerus</span> 
     </span>
     <span class='ocr_line' id='line_1_25' title="bbox 92 2389 1058 2473; baseline 0.002 -20"><span class='ocrx_word' id='word_1_179' title='bbox 92 2391 132 2454; x_wconf 85' lang='lat' dir='ltr'>ab</span> <span class='ocrx_word' id='word_1_180' title='bbox 143 2393 237 2473; x_wconf 86' lang='lat' dir='ltr'>ipsius</span> <span class='ocrx_word' id='word_1_181' title='bbox 246 2391 367 2454; x_wconf 82' lang='lat' dir='ltr'>decreto</span> <span class='ocrx_word' id='word_1_182' title='bbox 381 2390 469 2453; x_wconf 86' lang='lat' dir='ltr'>fuerit</span> <span class='ocrx_word' id='word_1_183' title='bbox 482 2389 710 2467; x_wconf 82' lang='lat' dir='ltr'>determinatus3</span> <span class='ocrx_word' id='word_1_184' title='bbox 723 2395 754 2453; x_wconf 75' lang='lat'>2⁰</span> <span class='ocrx_word' id='word_1_185' title='bbox 768 2392 791 2453; x_wconf 91' lang='lat' dir='ltr'>si</span> <span class='ocrx_word' id='word_1_186' title='bbox 806 2393 823 2452; x_wconf 79' lang='lat' dir='ltr'>b</span> <span class='ocrx_word' id='word_1_187' title='bbox 838 2391 978 2454; x_wconf 77' lang='lat' dir='ltr'>diuturna</span> <span class='ocrx_word' id='word_1_188' title='bbox 993 2413 1058 2455; x_wconf 89' lang='lat' dir='ltr'>eon-</span> 
     </span>
     <span class='ocr_line' id='line_1_26' title="bbox 93 2477 1064 2562; baseline 0.002 -20"><span class='ocrx_word' id='word_1_189' title='bbox 93 2481 269 2556; x_wconf 79' lang='lat' dir='ltr'>suetudine3</span> <span class='ocrx_word' id='word_1_190' title='bbox 279 2483 311 2542; x_wconf 87' lang='lat'>3⁰</span> <span class='ocrx_word' id='word_1_191' title='bbox 325 2479 440 2542; x_wconf 86' lang='lat' dir='ltr'>etiamsi</span> <span class='ocrx_word' id='word_1_192' title='bbox 457 2477 765 2544; x_wconf 87' lang='lat' dir='ltr'>luerildeterminatus</span> <span class='ocrx_word' id='word_1_193' title='bbox 778 2499 832 2562; x_wconf 90' lang='lat' dir='ltr'>per</span> <span class='ocrx_word' id='word_1_194' title='bbox 842 2481 1019 2562; x_wconf 83' lang='lat' dir='ltr'>Episcopum</span> <span class='ocrx_word' id='word_1_195' title='bbox 1034 2489 1064 2545; x_wconf 91' lang='lat' dir='ltr'>et</span> 
     </span>
     <span class='ocr_line' id='line_1_27' title="bbox 94 2568 1064 2650; baseline 0.002 -20"><span class='ocrx_word' id='word_1_196' title='bbox 94 2569 316 2650; x_wconf 83' lang='lat' dir='ltr'>Capitulum‚si</span> <span class='ocrx_word' id='word_1_197' title='bbox 332 2568 472 2631; x_wconf 89' lang='lat' dir='ltr'>Canoniei</span> <span class='ocrx_word' id='word_1_198' title='bbox 488 2586 590 2630; x_wconf 88' lang='lat' dir='ltr'>coram</span> <span class='ocrx_word' id='word_1_199' title='bbox 602 2572 681 2650; x_wconf 74' lang='lat' dir='ltr'>Papa</span> <span class='ocrx_word' id='word_1_200' title='bbox 695 2570 848 2631; x_wconf 85' lang='lat' dir='ltr'>emiserint</span> <span class='ocrx_word' id='word_1_201' title='bbox 859 2571 1064 2648; x_wconf 86' lang='lat' dir='ltr'>juramentum</span> 
     </span>
     <span class='ocr_line' id='line_1_28' title="bbox 93 2656 1062 2738; baseline 0.002 -19"><span class='ocrx_word' id='word_1_202' title='bbox 93 2656 133 2720; x_wconf 86' lang='lat' dir='ltr'>de</span> <span class='ocrx_word' id='word_1_203' title='bbox 144 2676 204 2720; x_wconf 91' lang='lat' dir='ltr'>non</span> <span class='ocrx_word' id='word_1_204' title='bbox 220 2657 359 2738; x_wconf 82' lang='lat' dir='ltr'>augendo</span> <span class='ocrx_word' id='word_1_205' title='bbox 373 2664 481 2720; x_wconf 88' lang='lat' dir='ltr'>statuto</span> <span class='ocrx_word' id='word_1_206' title='bbox 496 2675 641 2720; x_wconf 89' lang='lat' dir='ltr'>numero:</span> <span class='ocrx_word' id='word_1_207' title='bbox 657 2665 740 2719; x_wconf 85' lang='lat' dir='ltr'>extra</span> <span class='ocrx_word' id='word_1_208' title='bbox 753 2667 813 2719; x_wconf 90' lang='lat' dir='ltr'>tres</span> <span class='ocrx_word' id='word_1_209' title='bbox 826 2658 891 2719; x_wconf 87' lang='lat' dir='ltr'>illos</span> <span class='ocrx_word' id='word_1_210' title='bbox 905 2675 992 2720; x_wconf 89' lang='lat' dir='ltr'>casus</span> <span class='ocrx_word' id='word_1_211' title='bbox 1005 2677 1062 2721; x_wconf 90' lang='lat' dir='ltr'>nu-</span> 
     </span>
     <span class='ocr_line' id='line_1_29' title="bbox 94 2746 1063 2828; baseline 0.005 -21"><span class='ocrx_word' id='word_1_212' title='bbox 94 2765 198 2809; x_wconf 88' lang='lat' dir='ltr'>merus</span> <span class='ocrx_word' id='word_1_213' title='bbox 219 2747 322 2828; x_wconf 88' lang='lat' dir='ltr'>augeri</span> <span class='ocrx_word' id='word_1_214' title='bbox 347 2753 443 2828; x_wconf 88' lang='lat' dir='ltr'>potest</span> <span class='ocrx_word' id='word_1_215' title='bbox 457 2763 509 2826; x_wconf 91' lang='lat' dir='ltr'>per</span> <span class='ocrx_word' id='word_1_216' title='bbox 526 2746 707 2827; x_wconf 81' lang='lat' dir='ltr'>Episcopum</span> <span class='ocrx_word' id='word_1_217' title='bbox 729 2764 798 2808; x_wconf 88' lang='lat' dir='ltr'>eum</span> <span class='ocrx_word' id='word_1_218' title='bbox 820 2747 965 2827; x_wconf 72' lang='lat' dir='ltr'>capitulo.</span> <span class='ocrx_word' id='word_1_219' title='bbox 991 2747 1063 2812; x_wconf 85' lang='lat' dir='ltr'>vide</span> 
     </span>
     <span class='ocr_line' id='line_1_30' title="bbox 96 2833 436 2915; baseline 0.003 -20"><span class='ocrx_word' id='word_1_220' title='bbox 96 2834 174 2896; x_wconf 81' lang='lat' dir='ltr'>infra</span> <span class='ocrx_word' id='word_1_221' title='bbox 187 2833 313 2897; x_wconf 86' lang='lat' dir='ltr'>dicenda</span> <span class='ocrx_word' id='word_1_222' title='bbox 327 2837 436 2915; x_wconf 65' lang='lat'><strong>(2266).</strong></span> 
     </span>
    </p>

    <p class='ocr_par' dir='ltr' id='par_1_8' title="bbox 95 2923 1064 3270">
     <span class='ocr_line' id='line_1_31' title="bbox 138 2923 1064 3004; baseline 0.005 -21"><span class='ocrx_word' id='word_1_223' title='bbox 138 2923 169 2983; x_wconf 89' lang='lat' dir='ltr'>Si</span> <span class='ocrx_word' id='word_1_224' title='bbox 189 2933 379 2986; x_wconf 88' lang='lat' dir='ltr'>numeratum</span> <span class='ocrx_word' id='word_1_225' title='bbox 394 2941 455 2985; x_wconf 90' lang='lat' dir='ltr'>non</span> <span class='ocrx_word' id='word_1_226' title='bbox 470 2923 559 2987; x_wconf 83' lang='lat' dir='ltr'>luent</span> <span class='ocrx_word' id='word_1_227' title='bbox 576 2923 759 3004; x_wconf 84' lang='lat' dir='ltr'>Capitulum,</span> <span class='ocrx_word' id='word_1_228' title='bbox 774 2923 847 2986; x_wconf 90' lang='lat' dir='ltr'>nihil</span> <span class='ocrx_word' id='word_1_229' title='bbox 864 2924 981 2987; x_wconf 87' lang='lat' dir='ltr'>videtur</span> <span class='ocrx_word' id='word_1_230' title='bbox 998 2926 1064 2988; x_wconf 77' lang='lat' dir='ltr'>obs</span> 
     </span>
     <span class='ocr_line' id='line_1_32' title="bbox 96 3011 1064 3095; baseline 0.007 -24"><span class='ocrx_word' id='word_1_231' title='bbox 96 3017 162 3072; x_wconf 90' lang='lat' dir='ltr'>lare</span> <span class='ocrx_word' id='word_1_232' title='bbox 184 3013 347 3092; x_wconf 84' lang='lat' dir='ltr'>quominus</span> <span class='ocrx_word' id='word_1_233' title='bbox 370 3012 461 3093; x_wconf 83' lang='lat' dir='ltr'>possit</span> <span class='ocrx_word' id='word_1_234' title='bbox 484 3013 586 3095; x_wconf 71' lang='lat' dir='ltr'>auger}</span> <span class='ocrx_word' id='word_1_235' title='bbox 610 3011 698 3073; x_wconf 91' lang='lat' dir='ltr'>eliam</span> <span class='ocrx_word' id='word_1_236' title='bbox 721 3011 759 3074; x_wconf 89' lang='lat' dir='ltr'>ab</span> <span class='ocrx_word' id='word_1_237' title='bbox 780 3012 947 3095; x_wconf 81' lang='lat' dir='ltr'>Episoopo,</span> <span class='ocrx_word' id='word_1_238' title='bbox 973 3015 1064 3078; x_wconf 86' lang='lat' dir='ltr'>modd</span> 
     </span>
     <span class='ocr_line' id='line_1_33' title="bbox 95 3101 1064 3182; baseline 0.007 -22"><span class='ocrx_word' id='word_1_239' title='bbox 95 3101 304 3161; x_wconf 85' lang='lat' dir='ltr'>sustentationi</span> <span class='ocrx_word' id='word_1_240' title='bbox 320 3101 539 3164; x_wconf 86' lang='lat' dir='ltr'>Canonioorum</span> <span class='ocrx_word' id='word_1_241' title='bbox 550 3103 683 3182; x_wconf 75' lang='lat' dir='ltr'>congrue</span> <span class='ocrx_word' id='word_1_242' title='bbox 697 3101 885 3182; x_wconf 84' lang='lat' dir='ltr'>provideatur</span> <span class='ocrx_word' id='word_1_243' title='bbox 897 3109 928 3164; x_wconf 92' lang='lat' dir='ltr'>el</span> <span class='ocrx_word' id='word_1_244' title='bbox 940 3121 1064 3167; x_wconf 85' lang='lat' dir='ltr'>eonsen-</span> 
     </span>
     <span class='ocr_line' id='line_1_34' title="bbox 95 3187 784 3270; baseline 0.007 -25"><span class='ocrx_word' id='word_1_245' title='bbox 95 3187 148 3250; x_wconf 89' lang='lat' dir='ltr'>liat</span> <span class='ocrx_word' id='word_1_246' title='bbox 164 3189 343 3270; x_wconf 79' lang='lat' dir='ltr'>Capitulum.</span> <span class='ocrx_word' id='word_1_247' title='bbox 362 3189 435 3250; x_wconf 87' lang='lat' dir='ltr'>Vide</span> <span class='ocrx_word' id='word_1_248' title='bbox 449 3189 524 3252; x_wconf 78' lang='lat' dir='ltr'>infre</span> <span class='ocrx_word' id='word_1_249' title='bbox 538 3189 663 3252; x_wconf 85' lang='lat' dir='ltr'>dicenda</span> <span class='ocrx_word' id='word_1_250' title='bbox 674 3193 784 3268; x_wconf 66' lang='lat'><strong>(2266).</strong></span> 
     </span>
    </p>

    <p class='ocr_par' dir='ltr' id='par_1_9' title="bbox 95 3274 1065 3718">
     <span class='ocr_line' id='line_1_35' title="bbox 137 3274 1064 3354; baseline 0.005 -16"><span class='ocrx_word' id='word_1_251' title='bbox 137 3281 227 3338; x_wconf 73' lang='lat' dir='ltr'>altu.</span> <span class='ocrx_word' id='word_1_252' title='bbox 242 3274 345 3348; x_wconf 83' lang='lat' dir='ltr'>Quoad</span> <span class='ocrx_word' id='word_1_253' title='bbox 360 3277 590 3340; x_wconf 90' lang='lat' dir='ltr'>diminutionem</span> <span class='ocrx_word' id='word_1_254' title='bbox 602 3279 831 3354; x_wconf 78' lang='lat' dir='ltr'>Canonieorum</span> <span class='ocrx_word' id='word_1_255' title='bbox 842 3279 884 3342; x_wconf 86' lang='lat' dir='ltr'>sio</span> <span class='ocrx_word' id='word_1_256' title='bbox 894 3280 1064 3343; x_wconf 84' lang='lat' dir='ltr'>babetCon-</span> 
     </span>
     <span class='ocr_line' id='line_1_36' title="bbox 96 3364 1065 3446; baseline 0.007 -18"><span class='ocrx_word' id='word_1_257' title='bbox 96 3364 220 3428; x_wconf 84' lang='lat' dir='ltr'>oilTrid</span> <span class='ocrx_word' id='word_1_258' title='bbox 237 3367 319 3442; x_wconf 84' lang='lat' dir='ltr'>(sess.</span> <span class='ocrx_word' id='word_1_259' title='bbox 327 3369 411 3440; x_wconf 57' lang='lat' dir='ltr'>tte.</span> <span class='ocrx_word' id='word_1_260' title='bbox 424 3366 1065 3446; x_wconf 74' lang='lat' dir='ltr'>15,deres.l:alnEcclesiistlathedralibusel</span> 
     </span>
     <span class='ocr_line' id='line_1_37' title="bbox 95 3452 1063 3539; baseline 0.008 -26"><span class='ocrx_word' id='word_1_261' title='bbox 95 3475 113 3513; x_wconf 80' lang='lat' dir='ltr'>r</span> <span class='ocrx_word' id='word_1_262' title='bbox 136 3452 558 3534; x_wconf 72' lang='lat' dir='ltr'>collegiatisinsignibuslnon</span> <span class='ocrx_word' id='word_1_263' title='bbox 573 3456 805 3536; x_wconf 76' lang='lat' dir='ltr'>ergodeerelum</span> <span class='ocrx_word' id='word_1_264' title='bbox 815 3463 860 3519; x_wconf 90' lang='lat' dir='ltr'>est</span> <span class='ocrx_word' id='word_1_265' title='bbox 870 3475 929 3519; x_wconf 90' lang='lat' dir='ltr'>non</span> <span class='ocrx_word' id='word_1_266' title='bbox 940 3458 1063 3539; x_wconf 87' lang='lat' dir='ltr'>insigni·</span> 
     </span>
     <span class='ocr_line' id='line_1_38' title="bbox 98 3541 1065 3626; baseline 0.007 -26"><span class='ocrx_word' id='word_1_267' title='bbox 98 3565 114 3600; x_wconf 78' lang='lat' dir='ltr'>a</span> <span class='ocrx_word' id='word_1_268' title='bbox 139 3541 199 3604; x_wconf 86' lang='lat' dir='ltr'>bus</span> <span class='ocrx_word' id='word_1_269' title='bbox 211 3543 456 3623; x_wconf 78' lang='lat' dir='ltr'>applicandum),</span> <span class='ocrx_word' id='word_1_270' title='bbox 470 3543 521 3606; x_wconf 89' lang='lat' dir='ltr'>ubi</span> <span class='ocrx_word' id='word_1_271' title='bbox 535 3543 707 3624; x_wconf 85' lang='lat' dir='ltr'>frequentes</span> <span class='ocrx_word' id='word_1_272' title='bbox 724 3543 859 3626; x_wconf 88' lang='lat' dir='ltr'>adeoque</span> <span class='ocrx_word' id='word_1_273' title='bbox 873 3554 978 3607; x_wconf 86' lang='lat' dir='ltr'>tenues</span> <span class='ocrx_word' id='word_1_274' title='bbox 995 3553 1065 3608; x_wconf 89' lang='lat' dir='ltr'>sunt</span> 
     </span>
     <span class='ocr_line' id='line_1_39' title="bbox 100 3629 1064 3718; baseline 0.003 -26"><span class='ocrx_word' id='word_1_275' title='bbox 100 3655 115 3692; x_wconf 80' lang='lat' dir='ltr'>a</span> <span class='ocrx_word' id='word_1_276' title='bbox 140 3629 313 3718; x_wconf 64' lang='lat' dir='ltr'>praebendae</span> <span class='ocrx_word' id='word_1_277' title='bbox 334 3631 423 3700; x_wconf 91' lang='lat' dir='ltr'>simul</span> <span class='ocrx_word' id='word_1_278' title='bbox 447 3647 516 3694; x_wconf 88' lang='lat' dir='ltr'>cum</span> <span class='ocrx_word' id='word_1_279' title='bbox 537 3629 802 3699; x_wconf 79' lang='lat' dir='ltr'>distributionibus</span> <span class='ocrx_word' id='word_1_280' title='bbox 821 3632 1001 3710; x_wconf 87' lang='lat' dir='ltr'>quotidianis</span> <span class='ocrx_word' id='word_1_281' title='bbox 1031 3639 1064 3696; x_wconf 88' lang='lat' dir='ltr'>ut</span> 
     </span>
    </p>
   </div>
   <div class='ocr_carea' id='block_1_3' title="bbox 0 0 1281 4028">
    <p class='ocr_par' dir='ltr' id='par_1_10' title="bbox 0 0 1281 4028">
     <span class='ocr_line' id='line_1_40' title="bbox 0 0 1281 4028; baseline 0 0"><span class='ocrx_word' id='word_1_282' title='bbox 0 0 1281 4028; x_wconf 95' lang='lat' dir='ltr'> </span> 
     </span>
    </p>
   </div>
  </div>
 </body>
</html>
