2534 3996
482 279 566 326 arara
586 281 705 328 natatus.
1019 267 1080 327 355

108 403 123 439 a
148 379 245 441 tinere
258 375 432 438 examinare
445 393 482 437 an
497 393 587 437 causa
600 375 791 454 negotiorum
805 376 873 439 verb
888 376 1020 441 subsit.»
1037 380 1079 442 lta

110 468 139 530 S.
155 467 280 547 Congu,
294 483 376 527 anno
391 468 478 534 1598,
495 463 527 525 in
539 465 630 525 causa
643 462 826 545 Hispclemi.

148 557 237 618 2334.
248 558 280 616 3⁰
293 555 341 616 An
351 552 483 616 lucretur
496 550 718 616 distributiones
729 553 780 634 qui
796 553 879 618 abest
888 555 927 618 ob
937 556 1079 621 Ecclesiae

110 643 283 708 universalis
309 641 355 704 vel
382 641 519 704 dioecesis
540 640 717 716 utilitatem,
743 659 806 704 non
832 643 922 726 plane
949 652 1077 708 constat.

111 731 196 810 atine
214 733 250 792 Ι).
266 731 380 806 aonia,
396 730 441 793 De
456 729 575 812 Capit,
591 749 622 811 p.
646 732 727 808 340).
743 731 889 795 Lucratur
904 739 1005 796 tamen
1025 734 1079 797 bas

110 819 333 883 distributiones
351 827 414 882 tam
439 817 607 881 Canonious
631 819 684 900 qui
705 817 744 880 ab
757 820 906 902 Episcopo
921 821 1079 904 deputatur

110 909 148 972 nd
161 908 306 972 visitanda
318 908 435 970 Limina
450 907 662 988 Apostolorum
680 904 754 984 (sed
772 927 852 972 unus
870 909 1015 973 duntaxat
1028 929 1080 992 po-

109 1003 165 1061 test
179 999 222 1060 sic
231 997 269 1059 ab
281 998 430 1079 Episcopo
444 996 532 1075 mitti)
549 998 642 1078 quam
654 993 716 1058 duo
730 997 872 1060 Canonici
887 1017 964 1080 quos
975 1018 1079 1062 secum

110 1085 221 1150 ducere
236 1093 331 1168 potest
344 1086 511 1167 Episcopus
524 1084 561 1146 ad
575 1083 681 1147 eadem
690 1085 808 1148 Limina
817 1105 956 1169 pergens.

150 1177 226 1238 Item
252 1173 306 1238 has
325 1173 549 1238 distributiones
572 1173 705 1236 lucratur
726 1175 863 1238 Vioariua
885 1175 1077 1259 Capitularis‚

111 1262 189 1329 Sede
201 1271 334 1326 vacante.

150 1356 224 1417 ltem
240 1353 408 1416 Canonicus
420 1351 572 1415 Paroohus
586 1352 650 1433 qui,
665 1353 754 1415 officii
768 1359 915 1434 tempore,
930 1372 1020 1436 opera
1032 1358 1078 1419 sui

112 1441 247 1506 muneris
260 1449 377 1505 exercet
392 1443 438 1523 (S.
454 1441 588 1522 lignos„
605 1441 656 1502 lib.
672 1447 710 1520 l,
725 1453 759 1502 n⁰
774 1445 852 1522 131).
869 1443 941 1504 ltem
956 1443 1079 1508 Theolo-

112 1533 185 1614 galis
199 1537 229 1593 et
241 1531 478 1594 vociterantes
490 1577 497 1604 ‚
513 1530 544 1591 in
562 1530 680 1592 casibus
695 1549 785 1612 supra
798 1531 958 1594 enuntiatis
971 1538 1076 1613 (1203,

109 1625 211 1696 tata).
223 1655 263 1668 -
275 1622 349 1682 ltem
364 1619 505 1681 Canonici
519 1627 548 1680 et
562 1618 745 1680 beneficiarii
759 1617 896 1681 absentes
910 1621 927 1680 a
941 1621 1032 1683 choro
1045 1630 1080 1685 ut

108 1709 248 1774 assistant
262 1709 409 1790 Episcopo
423 1707 595 1770 solemniter
615 1706 787 1770 celebranti.

149 1801 224 1862 Item
238 1800 415 1861 Procurator
431 1796 555 1878 Capituli
574 1796 612 1858 ad
626 1797 791 1859 Concilium
808 1797 1005 1861 Provinciale.
1021 1801 1080 1862 Du-

109 1887 221 1950 bitatur
234 1889 304 1949 verb
318 1905 356 1949 au
372 1885 452 1948 idem
466 1885 505 1948 sit
516 1885 678 1948 dicendum
692 1885 730 1947 de
747 1885 899 1967 Theologo
916 1887 962 1949 vel
982 1889 1078 1950 Cano-

110 1977 188 2038 nistd
205 1975 242 2038 ad
257 1975 337 2038 idem
361 1974 528 2038 Concilium
548 1974 659 2050 misso,
676 1974 744 2037 licet
757 1974 888 2056 legitime
902 1975 988 2038 absit.
1005 1977 1079 2040 Vide
1144 2051 1148 2059 Ι

109 2066 206 2128 Bouix
220 2065 285 2146 (iu,
301 2085 331 2146 p.
351 2066 420 2140 341)
434 2065 575 2126 citantem
590 2065 621 2125 S.
633 2063 768 2144 Lignum,
783 2064 835 2146 qui
847 2064 1078 2146 probabiliorem

109 2153 200 2217 babet
211 2153 390 2216 sententiam
404 2151 614 2216 affirmantem.

148 2247 239 2306 2335.
255 2242 358 2316 Quoad
379 2260 431 2304 eos
452 2249 552 2304 autem
572 2241 657 2323 quib
680 2244 710 2304 S.
732 2241 808 2306 Sede
831 2241 980 2306 indultum
1002 2243 1078 2306 obti-

109 2334 247 2396 nuissent
268 2331 424 2394 abessendi
444 2332 462 2392 b
487 2330 579 2392 choro
598 2349 652 2412 pro
671 2331 778 2394 diebus
792 2337 822 2394 et
843 2331 925 2393 boris
938 2333 1078 2413 quibust

108 2422 172 2485 suis
187 2421 362 2484 muneribus
384 2419 601 2502 impediuntur,
616 2423 652 2480 Ι).
669 2421 765 2483 Bouix
780 2419 792 2501 (
801 2421 855 2494 it,
877 2441 908 2503 p.
930 2424 999 2498 341)
1013 2423 1078 2504 opi-

108 2511 175 2574 nari
189 2510 304 2573 uidetur
317 2510 391 2572 tales
413 2508 522 2573 lucrari
539 2509 628 2571 etiam
646 2508 888 2586 distributiones,
904 2510 957 2570 etsi
972 2510 1079 2572 dehac
1125 2535 1128 2542 ⁴

109 2599 333 2663 circumstantia
346 2599 445 2661 sileret
453 2597 606 2660 lndultum
618 2619 625 2659 ι
638 2597 699 2659 imd
713 2598 766 2660 etsi
781 2604 879 2680 posset
892 2597 1079 2678 dispensatus

109 2706 223 2751 munus
236 2705 325 2751 suum
339 2688 502 2770 adimplere
511 2687 568 2749 alit
582 2686 656 2749 hort
666 2689 759 2768 quam
774 2685 863 2750 officii
876 2693 1024 2768 tempore.

150 2780 238 2840 2336.
250 2778 340 2859 Resp.
357 2779 388 2838 3⁰
399 2779 508 2838 Praeter
523 2793 628 2838 causas
638 2794 727 2856 supra
740 2775 920 2852 enuntiatas,
931 2775 1003 2837 alias
1014 2795 1079 2840 esse

111 2885 179 2949 quae
192 2871 336 2929 excusant
353 2864 476 2946 quidem
494 2863 643 2926 bservitio
657 2864 758 2943 chori,
774 2864 826 2927 sed
849 2864 965 2927 nonita
987 2883 1078 2929 excu-

110 2963 178 3018 sant
190 2962 222 3018 ut
233 2954 372 3018 absentas
385 2953 608 3040 distributiones
627 2959 749 3035 possent
766 2953 874 3016 lucrari
892 2973 900 3016 :
916 2953 974 3018 boc
988 2956 1077 3020 modo

109 3052 305 3107 excusantur:

150 3138 182 3195 l⁰
196 3135 262 3196 Duo
276 3131 417 3196 Canonici
435 3131 515 3214 apud
529 3132 713 3214 Episcopum
727 3151 782 3216 pro
796 3132 888 3215 ipsius
902 3137 932 3195 et
944 3132 1078 3197 diaecesis

108 3223 235 3288 utilrtate
248 3221 372 3285 detenti.
392 3223 434 3283 lta
449 3223 480 3283 S.
495 3222 606 3302 Congr.
623 3223 727 3299 Cone,
746 3223 778 3284 in
794 3222 972 3299 Coloniensi,
988 3227 1076 3284 1587.

149 3317 182 3376 2⁰
207 3312 374 3374 Canonicus
392 3309 444 3392 qui
467 3309 557 3372 simul
571 3317 650 3373 esset
666 3312 801 3375 Vicarius
824 3311 976 3374 Generalis
996 3311 1079 3393 Epis·

108 3403 189 3485 copi.
206 3403 237 3464 S.
254 3401 287 3463 C.
305 3401 410 3476 Cone..
429 3403 464 3460 Π
479 3398 631 3461 decembr.
648 3404 736 3463 tuat.

149 3496 182 3554 3ο
196 3489 421 3553 Examinatores
431 3487 605 3568 synodales.
617 3489 647 3551 S.
661 3489 694 3551 C.
705 3488 832 3567 Concil,
843 3492 882 3552 20
891 3495 966 3570 sept.
988 3494 1076 3556 1642.

109 3583 142 3644 in
157 3579 353 3648 Cremonensi.

149 3675 183 3733 t·
196 3671 345 3731 Dooentea
358 3668 542 3748 Scripturam
550 3669 674 3732 Sacram
682 3687 718 3731 ao
726 3667 919 3754 'theologiam
928 3669 960 3731 in
969 3667 1079 3732 scholia
