2534 3996
455 243 542 291 tissa
562 246 679 292 rnruus.
995 235 1054 300 383

83 333 221 418 abrogari
239 340 270 401 et
290 337 419 420 corrigi;
439 356 474 402 ea
497 340 619 403 tandem
640 360 709 424 quae
726 341 882 426 utriusque
905 363 1054 411 consensu

83 423 254 488 debuerunt
276 427 385 506 statui,
405 445 465 490 non
486 436 628 510 poterunt
647 431 804 495 reformari
822 433 878 496 nisi
897 436 1055 520 utriusque

83 516 293 578 consensione.
309 515 396 594 (Vide
410 517 524 595 Bouix,
539 517 593 590 id,
610 538 640 600 p.
655 521 740 601 ⁴33.)

75 649 78 660 .
124 608 214 670 2420.
230 605 261 668 Si
275 612 375 668 autem
390 607 504 669 statute
522 606 560 668 ab
581 609 730 690 Episcopo
753 610 798 672 rel
820 612 837 673 t
858 612 889 675 S.
911 611 1056 677 Pontifice

84 693 605 777 confirmentur‚adl1ucpossunt·i
621 698 756 778 Capitulo
776 699 947 780 immutari,
963 702 1052 766 mont

85 783 125 845 de
135 783 171 846 iis
183 783 244 845 sint
256 783 422 866 rebusque
431 786 497 863 jure
511 785 549 848 cd
562 786 730 867 Capitulum
746 789 906 868 pertinent,
922 797 951 852 et
965 793 1056 854 modo

85 872 275 935 confirmatio
292 873 359 936 tulis
377 891 439 936 non
453 873 491 936 sit
502 882 537 937 ut
550 877 663 938 Sintula
677 877 823 940 evaserint
842 877 888 940 lex
902 881 1056 960 pontilicis

86 969 137 1026 aut
155 961 352 1044 episcopalis,
367 981 404 1026 ex
424 981 491 1045 cap.
509 963 583 1027 Cium
602 965 782 1029 accessissent
795 968 831 1043 8,
845 965 880 1030 de
894 967 1052 1032 Coristitut.

88 1051 163 1115 Vide
178 1049 313 1114 Proelect.
329 1050 365 1114 S.
381 1052 510 1134 sulpit,
526 1063 559 1114 n⁰
570 1055 639 1116 396.
804 1061 807 1069 ’

126 1145 217 1204 llil.
231 1175 267 1189 -
279 1143 313 1203 ll.
326 1143 440 1205 Statutu
452 1144 469 1204 a
483 1143 547 1205 solo
561 1142 697 1224 Capitulo
710 1143 843 1225 legitime
856 1145 1011 1226 conlecto,
1027 1155 1057 1213 et

88 1231 107 1293 t
120 1231 233 1293 fortiori
248 1230 272 1293 si
287 1231 325 1292 ab
338 1232 486 1313 Episcopo
499 1231 544 1293 vel
559 1233 576 1294 a
591 1234 622 1294 S.
646 1232 723 1295 Sede
741 1233 852 1298 luerint
870 1237 1054 1318 approbata,

88 1320 223 1402 singulos
245 1319 428 1402 Capitulsres
450 1327 480 1384 et
505 1339 611 1384 eorum
634 1340 821 1387 successores
845 1324 999 1406 obligant,
1027 1333 1057 1390 et

88 1418 322 1492 transgressores
335 1412 354 1472 t
372 1409 507 1493 capitulo
527 1411 627 1492 puniri
642 1417 768 1492 possunt
781 1431 790 1490 3
806 1413 851 1476 sic
863 1417 953 1476 sentit
966 1416 1056 1478 etiam

90 1500 339 1580 smongruone.
350 1519 359 1576 ;
369 1500 476 1582 legitur
486 1499 567 1562 enim
578 1499 607 1560 in
624 1499 762 1563 Theseae.
777 1503 863 1564 recol.
879 1504 950 1564 anni
963 1507 1055 1582 tuus,

91 1609 122 1670 p.
137 1593 196 1652 200
209 1589 301 1672 (apud
317 1590 422 1666 Bonis,
437 1609 468 1672 p.
481 1589 573 1670 l33):
590 1611 604 1648 n
618 1589 759 1651 Canonici
775 1589 807 1651 in
820 1591 949 1653 comitiis
962 1593 1056 1654 coacti

91 1701 106 1737 n
130 1681 309 1742 contrariam
322 1681 455 1760 antique
469 1677 928 1761 consuetudinisubscripserunt
941 1679 1055 1760 legem;

90 1791 106 1827 n
130 1787 165 1832 ac
179 1769 448 1852 propte1·es,velint
462 1768 568 1846 nolint,
583 1766 681 1829 eidem
696 1785 800 1850 parcre
810 1768 1056 1850 obstringuntur:

90 1857 281 1940 »siquidem
309 1857 542 1921 consuetudines
568 1863 598 1919 et
624 1861 730 1918 statuta
756 1857 877 1939 Collegii
908 1857 1058 1939 peculiare

91 1971 106 2008 n
131 1949 317 2011 constituunt
326 1949 377 2027 jus
394 1947 432 2010 ab
445 1946 586 2008 omnibus
600 1943 637 2008 de
652 1946 766 2026 gremio
780 1945 916 2028 ejusdem
936 1947 1058 2029 Collegii

91 2061 106 2098 r
131 2037 338 2099 inviolabiliter
360 2035 590 2099 observandum.
606 2057 622 2094 n
639 2037 732 2098 —lta
746 2035 839 2098 etiam
852 2038 948 2098 Rota:
967 2038 1059 2098 «Sta

92 2151 106 2188 o
132 2133 267 2190 tutum...
293 2143 412 2207 semper
431 2124 570 2206 religiose
590 2124 769 2188 servandum
784 2143 837 2207 per
850 2143 1060 2207 quoscumque

91 2239 107 2278 n
132 2215 170 2278 dc
193 2215 347 2296 gremio...
370 2213 496 2296 Capituli
514 2213 736 2276 existentes...»
755 2214 861 2292 (ltecis.
885 2217 960 2291 tul,
977 2217 1010 2275 n⁰
1027 2218 1057 2294 ἓ,

93 2313 166 2368 tom.
183 2308 218 2380 2,
240 2321 343 2367 coram
358 2302 513 2380 Ansaldo.)
527 2301 601 2363 Vide
615 2303 687 2364 alias
699 2303 834 2382 ejusdem
848 2302 930 2366 llotae
951 2302 1058 2382 decis,

92 2394 174 2478 apud
192 2397 226 2456 ll.
242 2394 339 2456 Bouix
352 2392 411 2470 tlte
425 2391 539 2473 capit,
555 2410 586 2473 p.
601 2395 671 2469 433,
686 2397 768 2470 etc).

134 2489 159 2545 Α
175 2483 306 2546 Ferraris
327 2481 449 2564 quidem
464 2480 712 2564 (respiratum,
729 2487 784 2543 nrt.
800 2485 837 2560 3,
854 2493 887 2544 n⁰
901 2481 934 2563 ἓ)
955 2481 1060 2548 citatur

93 2575 208 2638 decisio
221 2575 252 2638 S.
269 2574 379 2654 Congr.
397 2573 502 2650 Cone,
521 2575 557 2634 at
579 2579 666 2634 mart.
683 2575 776 2648 liitti,
791 2589 859 2652 quae
878 2571 1062 2633 contrarium

94 2665 211 2728 ridetur
225 2681 371 2739 asserere;
383 2661 436 2724 sed
450 2662 574 2743 intelligi
589 2659 732 2744 potestde
746 2661 843 2740 poenis
851 2659 1064 2721 excedentibus

94 2753 332 2836 jurisdictionem
355 2753 437 2815 mere
457 2752 696 2830 inconcinnam,
711 2748 837 2832 proinde
854 2747 989 2812 obsolute
1007 2766 1063 2832 po·

96 2850 154 2907 test
165 2843 316 2906 conciliari
331 2858 402 2905 cum
416 2840 587 2923 supradicta
600 2843 618 2902 a
631 2841 668 2902 D.
685 2838 780 2902 Bouix
792 2839 892 2902 citati.

136 2936 226 2996 atra.
248 2931 335 2997 Unde
348 2929 507 2993 deserendi
526 2929 665 2992 videntur
677 2928 801 3012 quidam
819 2929 870 3011 qui
887 2931 1065 3006 putaverunt

97 3022 222 3086 Statutis
244 3039 307 3084 non
322 3019 406 3103 ligeri
425 3017 481 3082 nisi
503 3020 685 3101 capitulares
703 3019 756 3100 qui
773 3017 823 3081 ille
843 3018 1062 3095 condiderunt,

97 3127 159 3176 non
174 3111 245 3174 verti
259 3128 364 3174 eorum
380 3127 588 3188 successores,
603 3108 660 3172 nisi
674 3107 730 3190 ipsi
745 3106 983 3171 observationem
998 3123 1064 3189 pro·

97 3201 236 3264 miserint
248 3209 299 3262 aut
309 3200 483 3277 juraverint.

137 3293 228 3354 2423.
245 3287 505 3351 Exhincconcludi
515 3289 605 3352 etiam
613 3305 700 3370 posse
708 3283 1066 3366 videturjurisdiotionem

98 3381 221 3463 proprie
234 3379 364 3454 dictam,
379 3397 518 3460 quamvis
530 3377 615 3440 valde
626 3377 790 3439 restrictam
803 3422 812 3442 .
826 3375 919 3437 fuisse
932 3373 1066 3454 Capitulo

98 3470 212 3544 datam,
223 3470 293 3531 cium
303 3469 388 3531 aliter
399 3469 538 3550 explicari
550 3485 611 3530 non
622 3474 720 3550 posset
728 3465 881 3548 quomodo
892 3462 1028 3526 canonici
1037 3461 1068 3523 li-

99 3551 1067 3645 garivalerentStatutissuorumpraedecossorum.V.np.ltltouix

100 3649 157 3732 lDe
171 3647 286 3732 capit,
298 3667 330 3731 p.
344 3650 404 3712 tau
418 3647 543 3724 ettad).
554 3679 594 3692 -
607 3647 671 3710 use
679 3639 998 3726 umontqmnusdam
1007 3655 1067 3700 non
