2522 4028
184 133 242 197 aaa
403 153 543 200 nanuum
561 153 663 200 rarius
681 151 763 199 aunis
784 151 931 201 curemur.

183 273 199 310 a
222 251 338 314 clerum
351 249 518 314 efformavit
531 267 622 332 quem
636 249 668 312 in
682 267 766 312 sacro
780 267 907 315 munere
919 248 1086 328 adJutorem
1099 249 1160 314 ba·
1236 291 1237 302 .

185 362 200 400 ι
224 339 344 403 beret...
359 341 463 404 Glems
477 339 544 416 ille,
559 339 654 402 tribus
672 338 822 420 prioribus
836 339 952 402 secutis
965 337 1027 402 lere
1041 339 1163 422 ubique

184 429 377 492 »constabat
404 427 566 492 duodecim
593 428 797 490 sacerdotibus
822 429 955 509 (Collegii
991 431 1164 510 Aposmlici

184 539 199 577 n
223 518 351 581 formam
375 517 603 592 exhibentibus,
626 517 691 598 ipso
711 519 780 582 terb
801 519 951 600 Episcopo
972 517 1078 580 Christi
1099 521 1165 582 Do-

183 629 199 665 »
223 607 298 669 mini
314 625 474 690 personam
488 606 667 687 referente),
683 612 713 668 et
732 611 848 688 septem
861 605 995 668 diaconis
1008 607 1045 668 ad
1061 609 1165 671 instar

184 721 198 756 n
223 714 330 760 eorum
351 695 404 780 qui
428 694 605 758 tractibus
629 695 838 776 Apostolorum
857 705 1161 760 commemorantur:

184 809 198 843 a
223 784 410 849 addebantur
428 803 484 867 pro
502 784 582 846 varia
595 783 731 846 locomm
750 785 924 846 necessitate
938 785 1065 846 ministri
1080 785 1165 849 infe-

184 899 198 933 »
223 875 354 938 riores...
376 877 394 937 ὲ
413 873 524 956 quibus
541 880 766 936 assumerentur
783 873 946 954 presbyteri
969 881 998 936 et
1020 872 1157 939 diaconi.

184 987 199 1022 a
223 963 305 1026 llll...
322 966 359 1026 te
380 962 544 1045 presbyteri
562 968 593 1024 et
609 967 628 1024 Ἰ
646 961 764 1025 diaconi
778 963 833 1024 soli
855 962 1054 1024 efformabant
1070 981 1164 1026 sena-

184 1075 199 1109 »
223 1059 289 1114 tum
303 1052 442 1116 Ecclesiae
456 1059 485 1114 et
494 1051 658 1114 Consilium
674 1052 824 1133 Episcopi.
835 1052 971 1114 a-Vide
985 1053 1041 1114 hoo
1052 1054 1164 1118 multis

184 1142 389 1204 monumentis
403 1140 560 1222 probatum
574 1143 637 1201 ab.
651 1141 744 1202 Bouix
754 1140 819 1218 (ib,
835 1161 865 1223 p.
884 1145 932 1217 ta,
943 1145 993 1206 23.
1009 1143 1058 1210 39,
1070 1145 1160 1226 etc).

185 1229 363 1294 Consitiores
378 1229 520 1312 Episcopi
533 1237 563 1292 et
576 1230 719 1292 Ecclesia
735 1247 866 1291 coronam
881 1239 988 1292 vocant
1002 1232 1027 1294 C
1027 1233 1162 1294 costitu-

185 1319 275 1381 tiones
288 1318 464 1402 Apostolr'ccc
477 1318 540 1397 (lib.
557 1322 586 1393 u,
603 1335 669 1400 cap.
684 1317 749 1399 23).
770 1341 785 1377 u
801 1319 948 1380 Assistant
960 1327 1061 1382 autem
1072 1321 1161 1399 judi-

183 1429 199 1468 c
223 1410 270 1472 cin
285 1408 408 1472 Diaconi
423 1417 452 1471 et
462 1407 628 1489 Presbyteri
643 1429 659 1467 n
674 1406 784 1484 (Consi.
801 1408 824 1470 A
826 1416 918 1490 post,
935 1407 989 1486 ib.,
1005 1427 1032 1472 c.
1048 1414 1162 1489 tr).—

184 1497 480 1561 Gouciliumdictum
494 1497 632 1579 Cartbag.
655 1498 695 1558 IV
709 1497 758 1566 ait,
783 1515 851 1558 ean.
874 1499 912 1558 23
929 1516 938 1559 ι
956 1498 1161 1582 «Episcopus

184 1609 198 1644 n
224 1587 335 1651 nullius
348 1605 469 1652 causam
484 1586 586 1648 audiat
598 1585 712 1666 absque
725 1585 884 1666 prasentia
897 1584 1076 1648 clericorum
1085 1607 1161 1652 suo

183 1700 198 1732 a
223 1694 309 1754 rum,
324 1677 457 1757 alioquin
473 1675 554 1736 irrita
568 1675 625 1736 erit
638 1678 784 1736 sententia
794 1675 945 1757 Episcopi,
961 1676 1017 1737 nisi
1027 1676 1159 1741 clerico-

184 1789 197 1822 ο
223 1783 291 1828 rum
301 1765 448 1828 sententia
463 1763 608 1826 lirmetur.
624 1784 640 1822 a

226 1877 242 1914 a
329 1853 421 1916 Sedes
439 1851 626 1931 apostolica,
641 1851 740 1932 pergit
753 1849 841 1913 Nardi
858 1852 1008 1933 (ibid.)...,
1028 1854 1069 1916 ita
1089 1859 1159 1919 exi·

183 1967 197 2002 a
222 1951 311 2025 gente
324 1941 542 2024 multiplicitate
558 1941 766 2021 negotiorum,
781 1941 861 2002 etad
876 1942 1020 2020 maiorem
1034 1945 1086 2022 qui
1102 1945 1158 2008 tali

183 2055 197 2090 a
223 2031 363 2095 Ecclesia
376 2029 501 2093 decebat
514 2029 704 2111 splendorem
717 2076 725 2104 ‚
740 2029 867 2110 duplum
882 2029 1009 2092 babebat
1024 2033 1158 2117 Presby-

182 2145 197 2180 n
221 2127 354 2184 tororum
370 2119 573 2182 cardinalium
591 2136 767 2197 numerum,
783 2118 891 2197 idest,
912 2121 951 2180 ut
965 2139 1035 2182 cum
1050 2124 1159 2186 Arubi-

182 2234 196 2270 u
223 2211 438 2293 presbytero.»
1034 2269 1044 2277 .

224 2321 240 2360 c
261 2302 459 2382 Quanquam,
483 2297 523 2361 ait
544 2296 758 2362 Thomassiuus
779 2295 864 2379 (Vet.
887 2305 916 2360 et
933 2317 997 2361 nou.
1018 2299 1154 2388 disnpl„

181 2413 196 2449 a
221 2408 290 2473 pars
305 2395 331 2460 l,
347 2388 397 2450 lib.
414 2391 448 2464 3,
465 2405 492 2450 c.
509 2388 560 2467 t),
577 2387 659 2450 nulla
672 2393 751 2448 esset
763 2388 934 2449 communis
947 2389 1012 2450 vitae
1025 2393 1156 2458 societas

180 2501 195 2539 a
221 2481 298 2543 inter
307 2479 431 2542 clericos
441 2476 698 2540 cathedralium...
711 2494 764 2557 per
773 2477 908 2558 quinque
921 2477 1019 2559 priora
1029 2485 1151 2564 seacula,

180 2591 195 2626 a
221 2587 277 2632 nec
291 2570 369 2631 inter
382 2587 415 2630 sc
436 2585 491 2628 uec
505 2583 574 2628 cum
590 2567 738 2647 Episcopo
754 2565 977 2642 coalescebant3
996 2567 1036 2628 illi
1049 2577 1153 2636 tamen

179 2681 195 2718 a
220 2658 251 2720 in
267 2676 364 2721 unum
378 2654 531 2739 quoddam
544 2655 634 2716 veluti
648 2672 760 2735 corpus
773 2671 843 2716 cum
864 2673 920 2729 eo,
935 2663 966 2717 et
986 2657 1017 2718 in
1034 2667 1151 2738 partem

179 2767 194 2806 a
219 2745 429 2809 sollicitudinis
450 2752 540 2826 atque
563 2743 679 2824 imperii
699 2743 773 2804 sacri
793 2743 955 2826 quamdam
977 2747 1150 2812 societatem

178 2858 194 2894 a
218 2835 388 2898 ueniebant.
410 2855 425 2893 n
451 2834 528 2896 Huic
554 2833 737 2914 presbyterio
764 2841 971 2897 successerunt
997 2837 1148 2918 capitula,

178 2925 261 3006 juxta
275 2923 418 2988 eumdem
434 2923 686 2985 Thomassiuum:
703 2922 778 2983 libro
798 2924 880 2984 enim
903 2929 936 2985 tt
950 2972 958 3002 ,
974 2944 1039 3007 cap.
1056 2931 1095 3000 9,
1110 2929 1150 2991 Ιο-

179 3033 276 3095 quens
297 3013 335 3074 de
355 3011 496 3092 Capitulis
516 3011 617 3092 qualia
638 3010 793 3072 exstabant
815 3010 871 3072 sub
893 3013 997 3075 Carolo
1012 3016 1146 3096 Magno:

182 3125 199 3162 a
218 3102 396 3184 Implebant,
414 3101 511 3180 inquit
524 3145 532 3173 ,
547 3101 711 3160 certissime
725 3100 859 3179 Capitula
873 3101 1014 3164 eumdem
1028 3104 1146 3184 locum,

178 3215 194 3250 a
218 3191 359 3272 idemque
376 3187 555 3270 prestabant
569 3189 765 3249 ministerium
782 3187 865 3268 quod
878 3196 908 3250 et
923 3192 1147 3271 antiquissimus

178 3303 193 3338 a
219 3280 267 3342 ille
295 3281 481 3360 singularum
504 3277 704 3338 Ecclesiarum
730 3277 849 3353 clerus,
875 3298 936 3359 quo
960 3279 1144 3360 inconsulto,

178 3391 193 3427 a
220 3367 294 3432 nibil
321 3368 490 3448 gerebatur.
515 3387 530 3424 a
553 3365 626 3427 Vide
645 3365 726 3447 apud
747 3368 781 3427 D.
801 3367 963 3449 Bouixtde
982 3367 1143 3451 Capitalis,

86 3457 89 3466 “
180 3477 209 3538 p.
221 3463 261 3536 7).

217 3543 305 3620 Unde
319 3545 470 3638 Capitula,
486 3547 541 3608 etsi
564 3545 756 3614 iustitutionis
780 3545 985 3611 ecclesiastica
1008 3549 1144 3625 tantiam,
