2528 3996
212 231 269 298 tut
433 247 570 296 nannete
589 245 690 294 ronns
709 245 791 292 sunrs
812 242 961 294 canentur.

255 347 316 410 nur
343 343 477 428 fugitivi,
503 345 554 426 qni
579 343 644 424 elne¹
668 341 786 407 lieentia
809 341 969 406 discedunt
994 358 1066 406 cunr
1091 339 1193 404 animo

216 435 377 506 redeundi,
393 434 533 497 differant
555 451 591 495 eo
614 433 679 513 ipso
700 431 738 494 ab
758 431 919 514 apostatis;
946 431 976 494 in
998 433 1068 511 jure
1090 436 1190 494 umen

215 525 357 608 apostatis
371 525 604 605 aequtparamur.
621 520 780 598 (Ferraris,
795 519 883 597 itta,
895 533 929 583 n⁰
942 523 1005 601 20.)

256 617 343 676 3079.
356 611 496 674 Dimissio
507 609 626 672 habitds
641 609 706 672 sine
721 609 823 672 animo
835 628 897 672 non
912 609 1057 673 redeundi
1072 628 1136 672 non
1150 615 1187 672 est

216 703 363 784 apostasia
375 723 382 779 ;
401 699 565 762 incurritur
575 703 678 760 tamen
691 699 757 780 ipso
770 697 848 760 facto
862 700 1152 768 excommunicatio,
1168 717 1187 758 s

217 790 269 852 fiat
293 792 359 852 sine
382 787 557 852 necessitate
588 790 679 850 canst
707 786 830 849 libertus
856 787 995 869 vagandi.
1019 788 1095 850 Vide
1115 787 1189 850 dicta

217 871 308 962 s'upra
319 879 429 960 (2820).

257 971 318 1030 Nec
345 967 434 1030 etiam
453 971 499 1030 est
518 971 650 1048 apostata
670 983 727 1028 nec
750 964 850 1028 illicite
873 966 935 1047 agit
962 966 1014 1048 qui
1035 967 1148 1046 iniuste
1164 975 1187 1026 et

217 1056 387 1120 notabiliter
401 1055 570 1137 gravetusb
586 1053 761 1136 superiore,
778 1055 843 1116 sind
862 1054 983 1117 licentid
1000 1057 1102 1138 pergit
1113 1057 1189 1118 metr

217 1147 264 1208 rid
284 1144 322 1206 ad
335 1143 553 1206 Prorineielem
575 1142 620 1206 rel
642 1143 818 1206 Generalem
838 1143 883 1206 rel
905 1144 980 1206 alios
1000 1144 1038 1206 ad
1058 1163 1137 1226 ques
1155 1144 1189 1207 de

215 1235 283 1314 jure
301 1232 451 1316 appellare
471 1239 584 1315 potest:
601 1231 691 1293 modd
705 1237 806 1294 lamen
823 1231 945 1296 evidens
958 1234 996 1295 sit
1010 1251 1188 1316 gravamen,

218 1321 303 1384 facile
314 1322 486 1404 possitillud
502 1321 628 1404 probare
638 1321 796 1383 etnullurn
814 1320 895 1384 aliud
905 1321 1043 1384 habuerit
1056 1322 1189 1384 medinm

218 1410 256 1472 ad
270 1409 473 1492 repellendam
487 1409 723 1491 oppressionem.

258 1503 346 1562 3080.
359 1500 496 1562 Sancitur
505 1507 605 1560 tamen
617 1497 646 1559 in
658 1499 912 1562 ConcilTrident.
923 1503 1007 1576 (sesa.
1018 1503 1071 1578 25,
1082 1520 1151 1584 cap.
1160 1507 1189 1574 l,

219 1587 253 1650 de
269 1589 410 1670 reputer.)
427 1607 434 1650 ε
454 1611 470 1648 «
488 1591 549 1650 Nec
564 1587 650 1648 liceat
669 1587 890 1668 regularibnsa
910 1591 972 1651 suis
993 1591 1190 1651 conuentibus

218 1701 233 1736 n
258 1677 415 1752 recedere,
431 1677 519 1740 etiarn
535 1675 591 1738 snb
610 1683 754 1756 praetextu
768 1677 806 1738 ad
828 1677 1005 1758 Superiores
1023 1697 1098 1740 snos
1113 1697 1189 1742 acce

220 1791 233 1826 n
258 1767 367 1843 dendi‚
381 1768 437 1828 nisi
451 1766 489 1828 ab
503 1765 616 1827 eisdem
634 1765 716 1826 missi
734 1772 785 1826 ant
801 1767 894 1828 receti
906 1765 1035 1828 tuerint:
1054 1768 1108 1848 qui
1124 1771 1189 1829 rent

219 1882 233 1915 n
259 1858 324 1919 sine
350 1855 492 1937 praedieto
519 1853 661 1916 mandato
688 1855 719 1914 in
755 1854 874 1936 scriptis
905 1855 1029 1916 obtento
1057 1867 1189 1938 repertus

219 1970 233 2003 n
259 1945 369 2024 fuerit,
394 1945 432 2006 ab
456 1943 621 2006 Ordinariis
648 1943 785 2004 locorum
811 1950 957 2024 tanquam
984 1944 1124 2008 desertor
1147 1947 1186 2006 sni

219 2057 233 2092 a
261 2033 386 2096 instituti
402 2033 575 2114 puniatur3n
594 2031 646 2093 sed
660 2031 717 2094 boc
730 2031 883 2094 decretum
894 2033 1100 2096 communiter
1109 2034 1187 2096 intel-

220 2122 320 2202 ligitur
334 2120 371 2182 de
390 2121 523 2182 discessu
537 2139 573 2182 ex
596 2120 650 2182 levi
665 2121 710 2182 rel
730 2121 922 2184 irrationabili
938 2125 1050 2199 causa,
1066 2131 1100 2184 ut
1117 2123 1189 2185 indi·

220 2218 267 2271 cat
281 2209 391 2270 locutio
404 2208 456 2268 sul)
464 2217 616 2290 preelecta
632 2230 642 2269 :
655 2209 821 2291 prudenter
834 2216 936 2272 aulem
948 2217 1017 2292 aget
1033 2211 1191 2292 religiosus

220 2298 243 2358 si
256 2315 315 2358 non
330 2297 461 2358 discedat
476 2297 532 2358 nisi
544 2305 610 2378 post
621 2299 743 2380 petitam
758 2305 788 2360 et
802 2308 940 2379 negatam
949 2317 1053 2362 eoram
1066 2303 1192 2364 testilrur

220 2383 1190 2470 tidentgntslicentianvtdeFennis(r·Apostae'a,n⁰au,ete.).

260 2479 348 2537 3081.
371 2475 492 2546 Quaerit.
519 2479 550 2536 l⁰
573 2477 792 2548 Quaenamsint
816 2496 914 2560 poenae
935 2497 967 2540 rn
990 2486 1192 2560 apostatasset

219 2563 356 2644 fugitiuos
371 2563 459 2626 latae?

258 2655 347 2734 Hesp.
361 2657 392 2715 l⁰
407 2657 563 2735 Apostolos
576 2652 726 2734 ipsofucto
738 2655 890 2718 incurrere
900 2655 1193 2722 excommunicatio·

220 2761 308 2820 nem,
324 2743 348 2803 si
359 2743 448 2804 simul
460 2743 593 2804 habitum
604 2741 881 2825 dimittunt(2820l;
892 2751 923 2808 2⁰
934 2749 1192 2828 suspenduntur&

219 2833 310 2894 saeris
323 2831 499 2906 ordinibus,
515 2839 544 2894 et
564 2832 587 2892 si
609 2831 780 2908 eelebrent,
796 2832 923 2896 durante
937 2837 1106 2917 apostasia,
1124 2839 1193 2902 irre

219 2923 338 3002 gulares
359 2921 452 2995 tiunt;
468 2925 500 2982 3⁰
519 2920 645 2982 durante
666 2922 827 3002 apostasia,
843 2924 1005 3006 privilegiis
1026 2943 1091 2988 suae
1112 2929 1194 2990 nett-

220 3012 317 3092 gionis
340 3009 504 3088 privantur.
533 3011 605 3070 Haec
631 3009 669 3071 de
696 3011 764 3090 J'nre
790 3014 971 3074 communi:
998 3012 1066 3076 aliae
1094 3035 1194 3097 perna

220 3097 333 3161 incurri
349 3107 474 3178 possunt
484 3098 551 3178 jure
567 3099 737 3179 particulari
750 3100 987 3184 uniuscuiusque
1006 3103 1154 3170 Instituti.

258 3190 347 3248 3082.
364 3187 712 3249 Exeommnnieationem
736 3189 801 3269 ipso
818 3189 895 3258 lacto
915 3192 1004 3254 etium
1029 3193 1194 3258 incurrunt

219 3277 269 3356 qui
287 3281 434 3356 apostatas
457 3283 487 3338 et
500 3275 638 3356 fugitivos
658 3277 824 3358 recipiunt,
852 3279 983 3358 ipsisque
1004 3279 1196 3362 fugientibus

219 3372 418 3444 eooprerantur
432 3371 461 3425 et
474 3365 668 3442 auxiliantur,
685 3366 710 3426 si
726 3376 829 3428 tamen
843 3365 906 3430 sint
922 3369 1092 3446 regulares.

259 3455 347 3514 3083.
360 3453 480 3524 Quaerit.
496 3456 528 3514 2⁰
538 3454 695 3523 Quomodo
708 3472 741 3517 se
754 3474 857 3536 gerere
870 3457 1000 3520 debeant
1012 3461 1196 3542 Superiores

220 3557 289 3617 erga
303 3548 450 3621 apostatas
463 3549 493 3602 et
507 3541 669 3620 fugitivos?

259 3629 347 3706 llesp.
363 3633 515 3690 Tenentur
535 3647 586 3689 eos
600 3631 769 3710 requirere,
791 3649 949 3712 revocare,
970 3641 1001 3698 el
1022 3657 1078 3718 pro
1099 3659 1196 3722 possa
