2534 3996
203 187 264 251 384
422 201 559 248 narcara
578 195 679 246 rorrus
697 195 779 244 ruars
799 193 948 245 curamur.

177 325 181 330 ·
203 304 388 381 admittitur3
412 309 443 367 cl
465 302 588 384 quidem
609 305 654 363 sal
674 298 865 381 probabiliter
886 300 971 378 juxta
989 301 1100 370 Suarcz
1118 299 1180 377 [De

204 393 318 473 cepta,
330 393 381 455 lib.
397 397 427 460 t.
440 411 506 470 cap.
516 396 546 468 6,
558 390 598 452 u¹·
609 394 640 452 tt
656 396 685 450 et
697 389 822 469 {tiqui
833 388 1181 454 nihilominusnoslram

204 482 382 544 senteutiam
403 481 494 543 habet
511 487 545 542 ut
561 477 645 542 raldo
660 477 854 560 probabilem.
871 511 912 524 —
936 477 1054 542 Certum
1074 488 1180 542 autem

204 587 271 632 eam
286 570 458 634 habetltotu
473 587 480 630 ε
501 571 568 630 ulte
581 569 649 646 jure
661 566 815 629 communi
827 573 955 648 potestas
970 564 1084 628 serendi
1098 569 1183 649 leges

204 679 220 718 r
244 677 296 721 seu
319 659 433 721 Statula
446 656 596 720 condendi
619 673 710 737 super
723 654 815 718 rebus
833 663 862 716 ct
876 655 1004 736 negotiis
1016 655 1054 718 ad
1078 658 1183 719 Erote

204 767 220 806 r
245 747 321 809 siam
343 746 561 829 pertinentibus
581 751 611 806 et
633 763 688 826 pro
709 743 802 826 ipsius
824 743 987 824 tranquillo
1007 745 1179 825 regimina,

193 855 221 910 ,a
246 835 356 898 residet
370 853 462 916 penes
479 834 670 915 Capitulum,
686 833 734 895 cui
748 839 893 914 tanquam
917 833 1035 913 corpori
1051 833 1183 914 arprstico

206 945 221 984 a
246 921 407 985 Pontifices
420 921 612 984 contuleruut
623 920 872 1000 jurisdictionem.
886 922 1107 984 »Hanctamen
1120 921 1177 985 du-

206 1010 288 1074 biam
302 1017 420 1094 reputat
431 1017 537 1074 auctor
550 1010 690 1073 Protect.
706 1009 742 1072 S.
758 1008 905 1092 Sulpicii,
924 1018 957 1070 u⁰
971 1011 1041 1070 aot.

588 1149 742 1210 ruttcttm
762 1150 795 1208 ll.

208 1262 345 1320 ouorrau
365 1266 410 1312 srr
430 1267 479 1313 tus
505 1265 638 1312 curruum
660 1264 804 1311 coruram
825 1263 956 1310 scarum
979 1266 1009 1310 ru
1031 1265 1138 1312 curura
1161 1265 1182 1312 a

355 1347 489 1393 rsuroau
511 1345 758 1393 coacoaoaroauu
780 1331 855 1390 taor
878 1345 917 1390 ur
939 1331 1027 1392 itta.

247 1421 337 1523 aaut.
361 1463 418 1523 Per
440 1461 557 1524 Bullam
573 1460 631 1536 Oui
651 1459 766 1523 Christi
785 1458 906 1522 Domini
925 1462 964 1522 29
982 1479 1055 1544 por.
1082 1463 1181 1538 l80l‚

210 1547 273 1629 §ll
290 1549 456 1614 Cardinalis
478 1551 606 1631 Caprara
626 1555 781 1630 acceperat
801 1550 819 1611 a
838 1541 891 1612 Pio
911 1548 962 1610 Vll
982 1548 1183 1632 amplissimus

209 1637 376 1718 facilitates,
394 1641 484 1700 etiam
498 1637 733 1720 subdelepamlos,
750 1638 924 1699 necessarios
939 1631 1026 1719 utq‘ue
1042 1647 1183 1720 oppurtu-

210 1745 261 1787 aas
296 1725 336 1788 cd
359 1727 509 1808 procuratio
540 1727 662 1789 Statuta
696 1727 920 1809 respecticorum
952 1727 1182 1809 Capitulum,

210 1815 250 1876 ccl
262 1815 465 1877 concedendum
478 1815 584 1878 eisdem
604 1816 736 1876 eiuratio
752 1816 881 1897 iasipaic
895 1835 960 1896 qum
972 1817 1015 1878 eis
1028 1817 1181 1879 conuenire

211 1903 450 1968 arbitrabitur...
465 1924 499 1966 uc
511 1905 674 1986 penerutr'm
687 1903 727 1966 ud
739 1925 771 1966 cu
785 1905 882 1966 omniu
895 1903 1068 1987 efficienda,
1086 1904 1183 1988 inquil

211 1992 359 2063 Pontifex,
374 2012 439 2074 quur
449 2013 504 2075 per
516 2013 567 2056 nos
580 1995 654 2076 ipsos
667 1993 740 2075 effici
756 2001 881 2075 possent.

252 2083 345 2144 Porro
359 2091 580 2164 cousequenter
592 2082 630 2145 ad
646 2082 766 2165 praelata
780 2083 824 2145 sic
837 2083 939 2144 statuit
951 2082 1071 2146 Cardia.
1088 2086 1180 2167 Lega-

212 2176 260 2233 tus
273 2170 304 2232 lu
319 2189 374 2233 suo
388 2173 515 2234 Decreto
528 2176 547 2236 9
560 2191 624 2255 apr.
642 2176 738 2235 tuot:
758 2172 878 2250 «Hujus
892 2171 1040 2235 facultatis
1053 2173 1180 2254 rigorcn

212 2261 333 2342 (nempe
347 2259 573 2343 subdelegandi,
587 2261 725 2324 ulmodo
739 2260 893 2335 vidimus),
912 2282 928 2320 u
947 2261 1184 2345 archiepiscopis

213 2369 228 2407 u
253 2355 283 2410 et
297 2349 450 2432 Episcopis
464 2350 626 2414 Galliarum
640 2351 740 2433 primi
753 2349 866 2434 futuris
886 2349 1057 2412 facultatem
1072 2370 1183 2415 couce-

213 2437 352 2502 cdimus
380 2446 414 2502 ut
440 2447 635 2522 posteaquam
663 2433 809 2502 canonice
836 2439 961 2502 instituti
983 2439 1183 2505 Ecclesiarum

212 2549 228 2587 a
253 2546 376 2591 suarum
400 2530 534 2610 regimen
559 2537 629 2592 actu
651 2528 802 2592 consecuti
827 2536 934 2603 erunt,
959 2529 1128 2610 Capitulum
1152 2532 1183 2592 iu

212 2639 228 2676 a
253 2617 488 2701 Illetropolitanis
502 2625 532 2680 et
550 2618 774 2681 cathedralibus
788 2618 949 2699 respectiva
964 2618 1104 2680 Ecclesiis
1121 2622 1184 2682 suis

213 2727 228 2764 a
253 2707 368 2789 erigere
392 2708 446 2789 ipsi
466 2707 599 2790 possint,
612 2710 698 2787 juxta
718 2706 878 2769 lormamlt
898 2707 997 2774 Sacris
1017 2707 1183 2770 canonibus

212 2817 228 2853 a
254 2796 454 2878 Conciliisque
469 2797 685 2879 praescriptam,
700 2803 730 2858 et
743 2795 782 2858 ab
795 2795 927 2858 Ecclesia
940 2795 999 2860 huc
1012 2815 1108 2878 usqua
1122 2815 1182 2860 ser·

213 2907 228 2943 a
249 2886 1177 2967 ratam‚cumcollignitalumetcanonicorumnumeroqucm,

214 2997 228 3034 u
253 2975 372 3036 attentis
386 2991 487 3036 rerum
502 2975 744 3046 circumstantiis,
760 2974 901 3057 expedire
913 2974 1103 3054 judicabunt.

254 3083 269 3122 c
347 3061 454 3124 lisdem
475 3063 713 3146 archiepiscopis
735 3071 765 3126 et
788 3063 942 3145 Episcopis
967 3065 1063 3145 primo
1080 3064 1183 3126 tuturis

213 3174 228 3211 c
254 3170 326 3214 cura
340 3152 412 3220 erit,
431 3159 463 3214 ut
483 3171 551 3233 quae
570 3153 721 3234 pertinent
733 3152 770 3214 ad
789 3153 964 3215 corumdem
980 3152 1181 3234 capitulorum

213 3263 229 3300 u
254 3239 296 3302 sic
305 3239 517 3322 erigendarum
533 3261 708 3323 prosperum
722 3252 754 3303 ct
767 3241 884 3304 felicem
895 3249 1021 3314 statum,
1037 3242 1181 3320 rupicum,

213 3351 228 3389 a
254 3329 433 3404 puber-nium
445 3377 454 3404 ‚
468 3330 677 3404 directionem,
692 3331 860 3394 ‹lirinorum
875 3329 1041 3393 olliciomm
1056 3332 1183 3393 celatura·

213 3438 229 3476 a
254 3418 379 3488 tionem,
394 3420 590 3481 caercmonias
604 3437 639 3482 ac
654 3427 727 3482 ritus
743 3423 772 3482 in
791 3420 895 3482 iisdem
909 3421 1053 3487 ecclesiis.
1069 3437 1183 3482 aarum·

214 3525 229 3564 a
254 3523 313 3586 que
326 3515 418 3570 choro
432 3508 611 3582 serrandus,
626 3527 663 3572 ac
676 3513 766 3572 ctiam
779 3511 920 3592 quaelibet
937 3527 990 3592 per
1006 3509 1182 3573 eorumdem

215 3613 230 3652 ι
254 3594 459 3676 Capitulorum
479 3597 646 3678 Dignitates
659 3604 690 3660 et
715 3599 883 3663 canonicos
902 3597 1042 3663 obeunda
1060 3598 1180 3680 munia,
