<?xml version="1.0" encoding="UTF-8"?>
<!DOCTYPE html PUBLIC "-//W3C//DTD XHTML 1.0 Transitional//EN"
    "http://www.w3.org/TR/xhtml1/DTD/xhtml1-transitional.dtd">
<html xmlns="http://www.w3.org/1999/xhtml" xml:lang="en" lang="en">
 <head>
  <title>
</title>
<meta http-equiv="Content-Type" content="text/html;charset=utf-8" />
  <meta name='ocr-system' content='tesseract 3.04.00' />
  <meta name='ocr-capabilities' content='ocr_page ocr_carea ocr_par ocr_line ocrx_word'/>
</head>
<body>
  <div class='ocr_page' id='page_1' title='image "./manualetotiusju01craigoog_0420.png"; bbox 0 0 2534 3996; ppageno 0'>
   <div class='ocr_carea' id='block_1_1' title="bbox 444 249 1038 316">
    <p class='ocr_par' dir='ltr' id='par_1_1' title="bbox 444 249 1038 316">
     <span class='ocr_line' id='line_1_1' title="bbox 444 249 1038 316; baseline -0.002 -10"><span class='ocrx_word' id='word_1_1' title='bbox 444 259 528 306; x_wconf 78' lang='lat' dir='ltr'>nmen</span> <span class='ocrx_word' id='word_1_2' title='bbox 550 258 667 306; x_wconf 76' lang='lat' dir='ltr'>antuus.</span> <span class='ocrx_word' id='word_1_3' title='bbox 981 249 1038 316; x_wconf 76' lang='lat'>411</span> 
     </span>
    </p>
   </div>
   <div class='ocr_carea' id='block_1_2' title="bbox 72 357 1047 1505">
    <p class='ocr_par' dir='ltr' id='par_1_2' title="bbox 72 357 1047 1505">
     <span class='ocr_line' id='line_1_2' title="bbox 72 357 1042 441; baseline -0.006 -13"><span class='ocrx_word' id='word_1_4' title='bbox 72 381 170 428; x_wconf 76' lang='lat' dir='ltr'>rerum</span> <span class='ocrx_word' id='word_1_5' title='bbox 182 357 396 441; x_wconf 83' lang='lat' dir='ltr'>temporalium.</span> <span class='ocrx_word' id='word_1_6' title='bbox 410 357 654 432; x_wconf 72' lang='lat' dir='ltr'>«Siadmittatur,</span> <span class='ocrx_word' id='word_1_7' title='bbox 666 357 905 438; x_wconf 69' lang='lat' dir='ltr'>inquitatem),</span> <span class='ocrx_word' id='word_1_8' title='bbox 921 359 1042 440; x_wconf 86' lang='lat' dir='ltr'>incapa-</span> 
     </span>
     <span class='ocr_line' id='line_1_3' title="bbox 72 445 1043 529; baseline -0.003 -16"><span class='ocrx_word' id='word_1_9' title='bbox 72 475 87 513; x_wconf 79' lang='lat' dir='ltr'>s</span> <span class='ocrx_word' id='word_1_10' title='bbox 111 452 232 515; x_wconf 89' lang='lat' dir='ltr'>citatem</span> <span class='ocrx_word' id='word_1_11' title='bbox 246 447 371 510; x_wconf 89' lang='lat' dir='ltr'>dominii</span> <span class='ocrx_word' id='word_1_12' title='bbox 391 466 456 510; x_wconf 84' lang='lat' dir='ltr'>esse</span> <span class='ocrx_word' id='word_1_13' title='bbox 469 445 582 527; x_wconf 82' lang='lat' dir='ltr'>aliquid</span> <span class='ocrx_word' id='word_1_14' title='bbox 597 448 681 508; x_wconf 75' lang='lat' dir='ltr'>mere</span> <span class='ocrx_word' id='word_1_15' title='bbox 694 448 875 529; x_wconf 75' lang='lat' dir='ltr'>temporale,</span> <span class='ocrx_word' id='word_1_16' title='bbox 884 449 945 527; x_wconf 88' lang='lat' dir='ltr'>jam</span> <span class='ocrx_word' id='word_1_17' title='bbox 961 448 1043 510; x_wconf 89' lang='lat' dir='ltr'>iude·</span> 
     </span>
     <span class='ocr_line' id='line_1_4' title="bbox 72 533 1039 622; baseline -0.006 -22"><span class='ocrx_word' id='word_1_18' title='bbox 72 563 87 600; x_wconf 79' lang='lat' dir='ltr'>n</span> <span class='ocrx_word' id='word_1_19' title='bbox 112 535 469 622; x_wconf 79' lang='lat' dir='ltr'>pcnclentcrltlegeciaili</span> <span class='ocrx_word' id='word_1_20' title='bbox 486 535 585 596; x_wconf 86' lang='lat' dir='ltr'>induci</span> <span class='ocrx_word' id='word_1_21' title='bbox 600 553 660 596; x_wconf 92' lang='lat' dir='ltr'>non</span> <span class='ocrx_word' id='word_1_22' title='bbox 671 537 778 615; x_wconf 87' lang='lat' dir='ltr'>poterit</span> <span class='ocrx_word' id='word_1_23' title='bbox 788 555 823 598; x_wconf 90' lang='lat' dir='ltr'>ea</span> <span class='ocrx_word' id='word_1_24' title='bbox 832 533 1039 616; x_wconf 79' lang='lat' dir='ltr'>incapacitass</span> 
     </span>
     <span class='ocr_line' id='line_1_5' title="bbox 73 621 1044 705; baseline -0.004 -15"><span class='ocrx_word' id='word_1_25' title='bbox 73 626 323 692; x_wconf 77' lang='lat' dir='ltr'>Corrccrlittamcn</span> <span class='ocrx_word' id='word_1_26' title='bbox 335 625 399 702; x_wconf 75' lang='lat' dir='ltr'>(tu,</span> <span class='ocrx_word' id='word_1_27' title='bbox 410 625 518 699; x_wconf 60' lang='grc' dir='ltr'>ΨΜ)</span> <span class='ocrx_word' id='word_1_28' title='bbox 528 622 610 703; x_wconf 82' lang='lat' dir='ltr'>quod</span> <span class='ocrx_word' id='word_1_29' title='bbox 620 624 651 685; x_wconf 90' lang='lat' dir='ltr'>S.</span> <span class='ocrx_word' id='word_1_30' title='bbox 664 621 799 686; x_wconf 77' lang='lat' dir='ltr'>Pontifex</span> <span class='ocrx_word' id='word_1_31' title='bbox 808 634 906 705; x_wconf 92' lang='lat' dir='ltr'>posset</span> <span class='ocrx_word' id='word_1_32' title='bbox 916 632 1044 687; x_wconf 81' lang='lat' dir='ltr'>statuere</span> 
     </span>
     <span class='ocr_line' id='line_1_6' title="bbox 75 710 1045 795; baseline -0.004 -16"><span class='ocrx_word' id='word_1_33' title='bbox 75 724 105 779; x_wconf 89' lang='lat' dir='ltr'>ut</span> <span class='ocrx_word' id='word_1_34' title='bbox 115 723 219 778; x_wconf 81' lang='lat' dir='ltr'>uotum</span> <span class='ocrx_word' id='word_1_35' title='bbox 234 714 368 775; x_wconf 85' lang='lat' dir='ltr'>solemne</span> <span class='ocrx_word' id='word_1_36' title='bbox 379 711 453 774; x_wconf 87' lang='lat' dir='ltr'>locet</span> <span class='ocrx_word' id='word_1_37' title='bbox 467 710 712 792; x_wconf 83' lang='lat' dir='ltr'>absqucdominii</span> <span class='ocrx_word' id='word_1_38' title='bbox 724 712 926 794; x_wconf 70' lang='lat' dir='ltr'>incapacitate,</span> <span class='ocrx_word' id='word_1_39' title='bbox 939 713 969 774; x_wconf 92' lang='lat' dir='ltr'>in</span> <span class='ocrx_word' id='word_1_40' title='bbox 984 732 1045 795; x_wconf 84' lang='lat' dir='ltr'>qrro</span> 
     </span>
     <span class='ocr_line' id='line_1_7' title="bbox 74 800 1044 882; baseline -0.005 -14"><span class='ocrx_word' id='word_1_41' title='bbox 74 823 145 868; x_wconf 87' lang='lat' dir='ltr'>casu</span> <span class='ocrx_word' id='word_1_42' title='bbox 163 819 329 868; x_wconf 80' lang='lat' dir='ltr'>concursus</span> <span class='ocrx_word' id='word_1_43' title='bbox 350 801 496 882; x_wconf 86' lang='lat' dir='ltr'>Principis</span> <span class='ocrx_word' id='word_1_44' title='bbox 518 800 669 862; x_wconf 86' lang='lat' dir='ltr'>saeoularis</span> <span class='ocrx_word' id='word_1_45' title='bbox 695 801 820 862; x_wconf 78' lang='lat' dir='ltr'>minime</span> <span class='ocrx_word' id='word_1_46' title='bbox 840 809 919 864; x_wconf 87' lang='lat' dir='ltr'>esset</span> <span class='ocrx_word' id='word_1_47' title='bbox 941 821 1044 864; x_wconf 89' lang='lat' dir='ltr'>neces-</span> 
     </span>
     <span class='ocr_line' id='line_1_8' title="bbox 75 889 1045 971; baseline -0.001 -17"><span class='ocrx_word' id='word_1_48' title='bbox 75 893 186 968; x_wconf 80' lang='lat' dir='ltr'>sarius3</span> <span class='ocrx_word' id='word_1_49' title='bbox 212 889 305 968; x_wconf 90' lang='lat' dir='ltr'>unde,</span> <span class='ocrx_word' id='word_1_50' title='bbox 330 891 413 969; x_wconf 84' lang='lat' dir='ltr'>juxta</span> <span class='ocrx_word' id='word_1_51' title='bbox 434 890 546 970; x_wconf 90' lang='lat' dir='ltr'>ipsum,</span> <span class='ocrx_word' id='word_1_52' title='bbox 570 907 736 952; x_wconf 77' lang='lat' dir='ltr'>concursus</span> <span class='ocrx_word' id='word_1_53' title='bbox 758 889 898 971; x_wconf 75' lang='lat' dir='ltr'>praefatus</span> <span class='ocrx_word' id='word_1_54' title='bbox 919 909 980 952; x_wconf 90' lang='lat' dir='ltr'>non</span> <span class='ocrx_word' id='word_1_55' title='bbox 1008 892 1045 953; x_wconf 90' lang='lat' dir='ltr'>ad</span> 
     </span>
     <span class='ocr_line' id='line_1_9' title="bbox 75 977 1044 1060; baseline -0.002 -17"><span class='ocrx_word' id='word_1_56' title='bbox 75 979 294 1044; x_wconf 73' lang='lat' dir='ltr'>solemnitatem</span> <span class='ocrx_word' id='word_1_57' title='bbox 304 981 363 1042; x_wconf 87' lang='lat' dir='ltr'>voti</span> <span class='ocrx_word' id='word_1_58' title='bbox 383 979 483 1040; x_wconf 90' lang='lat' dir='ltr'>omnis</span> <span class='ocrx_word' id='word_1_59' title='bbox 493 977 769 1060; x_wconf 85' lang='lat' dir='ltr'>paupertatisquale</span> <span class='ocrx_word' id='word_1_60' title='bbox 780 979 922 1060; x_wconf 89' lang='lat' dir='ltr'>potuisset</span> <span class='ocrx_word' id='word_1_61' title='bbox 937 979 975 1040; x_wconf 89' lang='lat' dir='ltr'>ab</span> <span class='ocrx_word' id='word_1_62' title='bbox 988 983 1044 1043; x_wconf 88' lang='lat' dir='ltr'>Ec·</span> 
     </span>
     <span class='ocr_line' id='line_1_10' title="bbox 75 1061 1045 1139; baseline 0 -9"><span class='ocrx_word' id='word_1_63' title='bbox 75 1068 454 1132; x_wconf 76' lang='lat' dir='ltr'>closialstaluinccessarius</span> <span class='ocrx_word' id='word_1_64' title='bbox 467 1065 583 1139; x_wconf 85' lang='lat' dir='ltr'>est,sed</span> <span class='ocrx_word' id='word_1_65' title='bbox 598 1067 695 1128; x_wconf 86' lang='lat' dir='ltr'>solirm</span> <span class='ocrx_word' id='word_1_66' title='bbox 710 1066 748 1128; x_wconf 89' lang='lat' dir='ltr'>ad</span> <span class='ocrx_word' id='word_1_67' title='bbox 760 1066 819 1128; x_wconf 89' lang='lat' dir='ltr'>voti</span> <span class='ocrx_word' id='word_1_68' title='bbox 828 1061 1045 1130; x_wconf 87' lang='lat' dir='ltr'>solemnitatem</span> 
     </span>
     <span class='ocr_line' id='line_1_11' title="bbox 75 1153 1046 1240; baseline 0 -20"><span class='ocrx_word' id='word_1_69' title='bbox 75 1156 367 1240; x_wconf 76' lang='lat' dir='ltr'>qrrrrlcesistitnunc.</span> <span class='ocrx_word' id='word_1_70' title='bbox 379 1155 532 1237; x_wconf 76' lang='lat' dir='ltr'>supposita</span> <span class='ocrx_word' id='word_1_71' title='bbox 546 1153 671 1217; x_wconf 89' lang='lat' dir='ltr'>dominii</span> <span class='ocrx_word' id='word_1_72' title='bbox 683 1155 886 1236; x_wconf 88' lang='lat' dir='ltr'>incapacitalc;</span> <span class='ocrx_word' id='word_1_73' title='bbox 901 1163 930 1217; x_wconf 88' lang='lat' dir='ltr'>et</span> <span class='ocrx_word' id='word_1_74' title='bbox 939 1157 1046 1220; x_wconf 81' lang='lat' dir='ltr'>exhinc</span> 
     </span>
     <span class='ocr_line' id='line_1_12' title="bbox 75 1243 1047 1328; baseline -0.003 -19"><span class='ocrx_word' id='word_1_75' title='bbox 75 1246 229 1310; x_wconf 76' lang='lat' dir='ltr'>concludit</span> <span class='ocrx_word' id='word_1_76' title='bbox 242 1245 427 1328; x_wconf 78' lang='lat' dir='ltr'>probabilius</span> <span class='ocrx_word' id='word_1_77' title='bbox 434 1263 499 1306; x_wconf 85' lang='lat' dir='ltr'>esse</span> <span class='ocrx_word' id='word_1_78' title='bbox 506 1243 605 1306; x_wconf 85' lang='lat' dir='ltr'>nullos</span> <span class='ocrx_word' id='word_1_79' title='bbox 614 1244 739 1306; x_wconf 85' lang='lat' dir='ltr'>existere</span> <span class='ocrx_word' id='word_1_80' title='bbox 747 1243 835 1306; x_wconf 90' lang='lat' dir='ltr'>hodie</span> <span class='ocrx_word' id='word_1_81' title='bbox 846 1245 875 1306; x_wconf 95' lang='lat' dir='ltr'>in</span> <span class='ocrx_word' id='word_1_82' title='bbox 883 1245 1047 1308; x_wconf 76' lang='lat' dir='ltr'>Galliareli·</span> 
     </span>
     <span class='ocr_line' id='line_1_13' title="bbox 76 1333 1045 1416; baseline 0 -19"><span class='ocrx_word' id='word_1_83' title='bbox 76 1337 177 1416; x_wconf 80' lang='lat' dir='ltr'>ginsos</span> <span class='ocrx_word' id='word_1_84' title='bbox 187 1333 239 1416; x_wconf 83' lang='lat' dir='ltr'>qui</span> <span class='ocrx_word' id='word_1_85' title='bbox 253 1341 320 1396; x_wconf 90' lang='lat' dir='ltr'>vota</span> <span class='ocrx_word' id='word_1_86' title='bbox 330 1333 477 1396; x_wconf 89' lang='lat' dir='ltr'>solemnia</span> <span class='ocrx_word' id='word_1_87' title='bbox 491 1335 638 1396; x_wconf 84' lang='lat' dir='ltr'>errrittant.</span> <span class='ocrx_word' id='word_1_88' title='bbox 655 1333 764 1394; x_wconf 82' lang='lat' dir='ltr'>Contra</span> <span class='ocrx_word' id='word_1_89' title='bbox 776 1333 855 1396; x_wconf 89' lang='lat' dir='ltr'>hanc</span> <span class='ocrx_word' id='word_1_90' title='bbox 868 1337 1045 1398; x_wconf 87' lang='lat' dir='ltr'>sententiam</span> 
     </span>
     <span class='ocr_line' id='line_1_14' title="bbox 76 1424 372 1505; baseline -0.007 -19"><span class='ocrx_word' id='word_1_91' title='bbox 76 1424 215 1488; x_wconf 84' lang='lat' dir='ltr'>statuitur</span> <span class='ocrx_word' id='word_1_92' title='bbox 225 1440 372 1505; x_wconf 89' lang='lat' dir='ltr'>sequens:</span> 
     </span>
    </p>
   </div>
   <div class='ocr_carea' id='block_1_3' title="bbox 77 1545 1047 1894">
    <p class='ocr_par' dir='ltr' id='par_1_3' title="bbox 77 1545 1047 1894">
     <span class='ocr_line' id='line_1_15' title="bbox 77 1545 1046 1630; baseline -0.002 -17"><span class='ocrx_word' id='word_1_93' title='bbox 77 1553 167 1613; x_wconf 71' lang='lat' dir='ltr'>Ettlss.</span> <span class='ocrx_word' id='word_1_94' title='bbox 182 1585 222 1598; x_wconf 90' lang='lat'><em>-</em></span> <span class='ocrx_word' id='word_1_95' title='bbox 236 1547 415 1630; x_wconf 81' lang='lat' dir='ltr'>Propou‘tio.</span> <span class='ocrx_word' id='word_1_96' title='bbox 431 1577 470 1595; x_wconf 58' lang='lat'>‘—</span> <span class='ocrx_word' id='word_1_97' title='bbox 482 1547 602 1611; x_wconf 81' lang='lat' dir='ltr'>Certum</span> <span class='ocrx_word' id='word_1_98' title='bbox 626 1553 672 1610; x_wconf 87' lang='lat' dir='ltr'>est</span> <span class='ocrx_word' id='word_1_99' title='bbox 693 1545 731 1610; x_wconf 86' lang='lat' dir='ltr'>ad</span> <span class='ocrx_word' id='word_1_100' title='bbox 749 1545 968 1610; x_wconf 69' lang='lat' dir='ltr'>solemnitatem</span> <span class='ocrx_word' id='word_1_101' title='bbox 988 1552 1046 1612; x_wconf 85' lang='lat' dir='ltr'>voti</span> 
     </span>
     <span class='ocr_line' id='line_1_16' title="bbox 120 1637 1047 1722; baseline -0.002 -20"><span class='ocrx_word' id='word_1_102' title='bbox 120 1639 300 1722; x_wconf 79' lang='lat' dir='ltr'>paupertatis</span> <span class='ocrx_word' id='word_1_103' title='bbox 317 1637 484 1719; x_wconf 69' lang='lat' dir='ltr'>religiosae,</span> <span class='ocrx_word' id='word_1_104' title='bbox 509 1638 598 1698; x_wconf 88' lang='lat' dir='ltr'>ctiam</span> <span class='ocrx_word' id='word_1_105' title='bbox 612 1638 694 1716; x_wconf 81' lang='lat' dir='ltr'>juxta</span> <span class='ocrx_word' id='word_1_106' title='bbox 715 1643 893 1718; x_wconf 71' lang='lat' dir='ltr'>prensantem</span> <span class='ocrx_word' id='word_1_107' title='bbox 908 1637 1047 1700; x_wconf 80' lang='lat' dir='ltr'>Ecclesia</span> 
     </span>
     <span class='ocr_line' id='line_1_17' title="bbox 117 1720 1047 1810; baseline -0.002 -20"><span class='ocrx_word' id='word_1_108' title='bbox 117 1727 328 1810; x_wconf 80' lang='lat' dir='ltr'>disciplinam,</span> <span class='ocrx_word' id='word_1_109' title='bbox 343 1725 469 1788; x_wconf 82' lang='lat' dir='ltr'>minime</span> <span class='ocrx_word' id='word_1_110' title='bbox 489 1720 599 1806; x_wconf 83' lang='lat' dir='ltr'>requiri</span> <span class='ocrx_word' id='word_1_111' title='bbox 615 1743 796 1788; x_wconf 86' lang='lat' dir='ltr'>concursum</span> <span class='ocrx_word' id='word_1_112' title='bbox 818 1727 971 1807; x_wconf 88' lang='lat' dir='ltr'>potestatis</span> <span class='ocrx_word' id='word_1_113' title='bbox 994 1745 1047 1788; x_wconf 76' lang='lat' dir='ltr'>sar-</span> 
     </span>
     <span class='ocr_line' id='line_1_18' title="bbox 118 1813 958 1894; baseline -0.004 -15"><span class='ocrx_word' id='word_1_114' title='bbox 118 1815 245 1894; x_wconf 79' lang='lat' dir='ltr'>culatis,</span> <span class='ocrx_word' id='word_1_115' title='bbox 260 1815 312 1878; x_wconf 87' lang='lat' dir='ltr'>sed</span> <span class='ocrx_word' id='word_1_116' title='bbox 326 1813 463 1877; x_wconf 86' lang='lat' dir='ltr'>sufficere</span> <span class='ocrx_word' id='word_1_117' title='bbox 477 1814 572 1878; x_wconf 88' lang='lat' dir='ltr'>solam</span> <span class='ocrx_word' id='word_1_118' title='bbox 586 1815 729 1876; x_wconf 71' lang='lat' dir='ltr'>Ecclesiae</span> <span class='ocrx_word' id='word_1_119' title='bbox 743 1814 958 1876; x_wconf 89' lang='lat' dir='ltr'>auctoritatem.</span> 
     </span>
    </p>
   </div>
   <div class='ocr_carea' id='block_1_4' title="bbox 78 1946 1055 3726">
    <p class='ocr_par' dir='ltr' id='par_1_4' title="bbox 78 1946 1055 3354">
     <span class='ocr_line' id='line_1_19' title="bbox 118 1946 1046 2031; baseline 0.001 -21"><span class='ocrx_word' id='word_1_120' title='bbox 118 1947 239 2010; x_wconf 83' lang='lat' dir='ltr'>Probat.</span> <span class='ocrx_word' id='word_1_121' title='bbox 257 1951 287 2009; x_wconf 86' lang='lat' dir='ltr'>l⁰</span> <span class='ocrx_word' id='word_1_122' title='bbox 303 1947 427 2010; x_wconf 84' lang='lat' dir='ltr'>Ilotr&#39;cne</span> <span class='ocrx_word' id='word_1_123' title='bbox 447 1946 495 2009; x_wconf 88' lang='lat' dir='ltr'>:si</span> <span class='ocrx_word' id='word_1_124' title='bbox 517 1947 702 2010; x_wconf 84' lang='lat' dir='ltr'>necessarius</span> <span class='ocrx_word' id='word_1_125' title='bbox 720 1954 797 2010; x_wconf 87' lang='lat' dir='ltr'>essct</span> <span class='ocrx_word' id='word_1_126' title='bbox 816 1966 980 2011; x_wconf 90' lang='lat' dir='ltr'>concursus</span> <span class='ocrx_word' id='word_1_127' title='bbox 994 1967 1046 2031; x_wconf 87' lang='lat' dir='ltr'>po·</span> 
     </span>
     <span class='ocr_line' id='line_1_20' title="bbox 78 2036 1047 2118; baseline 0.005 -18"><span class='ocrx_word' id='word_1_128' title='bbox 78 2038 193 2100; x_wconf 86' lang='lat' dir='ltr'>testatis</span> <span class='ocrx_word' id='word_1_129' title='bbox 213 2037 363 2100; x_wconf 79' lang='lat' dir='ltr'>saecularis</span> <span class='ocrx_word' id='word_1_130' title='bbox 382 2037 419 2098; x_wconf 91' lang='lat' dir='ltr'>ad</span> <span class='ocrx_word' id='word_1_131' title='bbox 442 2036 661 2098; x_wconf 88' lang='lat' dir='ltr'>solemnitatem</span> <span class='ocrx_word' id='word_1_132' title='bbox 675 2037 734 2098; x_wconf 82' lang='lat' dir='ltr'>uoti</span> <span class='ocrx_word' id='word_1_133' title='bbox 757 2038 957 2118; x_wconf 88' lang='lat' dir='ltr'>paupertatis,</span> <span class='ocrx_word' id='word_1_134' title='bbox 972 2046 1047 2106; x_wconf 88' lang='lat' dir='ltr'>esset</span> 
     </span>
     <span class='ocr_line' id='line_1_21' title="bbox 78 2125 1041 2210; baseline 0.002 -19"><span class='ocrx_word' id='word_1_135' title='bbox 78 2128 152 2210; x_wconf 90' lang='lat' dir='ltr'>quia</span> <span class='ocrx_word' id='word_1_136' title='bbox 167 2125 339 2204; x_wconf 84' lang='lat' dir='ltr'>hujusmodi</span> <span class='ocrx_word' id='word_1_137' title='bbox 356 2132 485 2207; x_wconf 87' lang='lat' dir='ltr'>potestas</span> <span class='ocrx_word' id='word_1_138' title='bbox 498 2125 562 2188; x_wconf 91' lang='lat' dir='ltr'>sola</span> <span class='ocrx_word' id='word_1_139' title='bbox 580 2133 679 2207; x_wconf 87' lang='lat' dir='ltr'>posset</span> <span class='ocrx_word' id='word_1_140' title='bbox 693 2133 820 2188; x_wconf 83' lang='lat' dir='ltr'>statuere</span> <span class='ocrx_word' id='word_1_141' title='bbox 835 2127 915 2188; x_wconf 86' lang='lat' dir='ltr'>illam</span> <span class='ocrx_word' id='word_1_142' title='bbox 929 2125 1041 2194; x_wconf 88' lang='lat' dir='ltr'>absolu·</span> 
     </span>
     <span class='ocr_line' id='line_1_22' title="bbox 78 2213 1050 2297; baseline 0.001 -18"><span class='ocrx_word' id='word_1_143' title='bbox 78 2223 142 2279; x_wconf 78' lang='lat' dir='ltr'>tarra</span> <span class='ocrx_word' id='word_1_144' title='bbox 162 2214 286 2278; x_wconf 91' lang='lat' dir='ltr'>dominii</span> <span class='ocrx_word' id='word_1_145' title='bbox 302 2213 526 2295; x_wconf 84' lang='lat' dir='ltr'>incapacitatem</span> <span class='ocrx_word' id='word_1_146' title='bbox 546 2232 628 2294; x_wconf 85' lang='lat' dir='ltr'>quae,</span> <span class='ocrx_word' id='word_1_147' title='bbox 644 2214 749 2275; x_wconf 87' lang='lat' dir='ltr'>saltem</span> <span class='ocrx_word' id='word_1_148' title='bbox 767 2215 852 2292; x_wconf 83' lang='lat' dir='ltr'>juxta</span> <span class='ocrx_word' id='word_1_149' title='bbox 870 2224 1050 2297; x_wconf 73' lang='lat' dir='ltr'>praesentem</span> 
     </span>
     <span class='ocr_line' id='line_1_23' title="bbox 80 2301 1048 2385; baseline -0.002 -17"><span class='ocrx_word' id='word_1_150' title='bbox 80 2304 281 2385; x_wconf 90' lang='lat' dir='ltr'>disciplinam,</span> <span class='ocrx_word' id='word_1_151' title='bbox 296 2309 364 2366; x_wconf 84' lang='lat' dir='ltr'>voto</span> <span class='ocrx_word' id='word_1_152' title='bbox 378 2302 505 2364; x_wconf 91' lang='lat' dir='ltr'>solemni</span> <span class='ocrx_word' id='word_1_153' title='bbox 520 2301 702 2384; x_wconf 83' lang='lat' dir='ltr'>paupertatis</span> <span class='ocrx_word' id='word_1_154' title='bbox 715 2303 883 2366; x_wconf 78' lang='lat' dir='ltr'>necessario</span> <span class='ocrx_word' id='word_1_155' title='bbox 894 2304 1048 2380; x_wconf 64' lang='lat' dir='ltr'>alligatum</span> 
     </span>
     <span class='ocr_line' id='line_1_24' title="bbox 87 2393 1053 2476; baseline 0 -21"><span class='ocrx_word' id='word_1_156' title='bbox 87 2394 181 2476; x_wconf 78' lang='lat' dir='ltr'>porro</span> <span class='ocrx_word' id='word_1_157' title='bbox 195 2396 304 2458; x_wconf 88' lang='lat' dir='ltr'>laisum</span> <span class='ocrx_word' id='word_1_158' title='bbox 317 2404 361 2458; x_wconf 88' lang='lat' dir='ltr'>est</span> <span class='ocrx_word' id='word_1_159' title='bbox 372 2397 466 2458; x_wconf 87' lang='lat' dir='ltr'>solam</span> <span class='ocrx_word' id='word_1_160' title='bbox 474 2398 682 2457; x_wconf 86' lang='lat' dir='ltr'>auctoritatem</span> <span class='ocrx_word' id='word_1_161' title='bbox 693 2397 868 2456; x_wconf 80' lang='lat' dir='ltr'>saecularem</span> <span class='ocrx_word' id='word_1_162' title='bbox 881 2409 967 2472; x_wconf 87' lang='lat' dir='ltr'>posse</span> <span class='ocrx_word' id='word_1_163' title='bbox 977 2393 1053 2456; x_wconf 83' lang='lat' dir='ltr'>hanc</span> 
     </span>
     <span class='ocr_line' id='line_1_25' title="bbox 87 2479 1053 2566; baseline -0.002 -20"><span class='ocrx_word' id='word_1_164' title='bbox 87 2481 317 2566; x_wconf 81' lang='lat' dir='ltr'>incapacitatem</span> <span class='ocrx_word' id='word_1_165' title='bbox 340 2493 473 2550; x_wconf 87' lang='lat' dir='ltr'>statuere</span> <span class='ocrx_word' id='word_1_166' title='bbox 496 2504 503 2546; x_wconf 75' lang='grc' dir='ltr'>ε</span> <span class='ocrx_word' id='word_1_167' title='bbox 523 2483 636 2546; x_wconf 90' lang='lat' dir='ltr'>etenim</span> <span class='ocrx_word' id='word_1_168' title='bbox 657 2483 789 2544; x_wconf 83' lang='lat' dir='ltr'>Ecclesia</span> <span class='ocrx_word' id='word_1_169' title='bbox 802 2479 883 2543; x_wconf 74' lang='lat' dir='ltr'>certa</span> <span class='ocrx_word' id='word_1_170' title='bbox 902 2481 919 2542; x_wconf 80' lang='lat' dir='ltr'>tr</span> <span class='ocrx_word' id='word_1_171' title='bbox 938 2479 1053 2544; x_wconf 85' lang='lat' dir='ltr'>Christo</span> 
     </span>
     <span class='ocr_line' id='line_1_26' title="bbox 86 2570 1054 2656; baseline -0.003 -22"><span class='ocrx_word' id='word_1_172' title='bbox 86 2575 205 2656; x_wconf 88' lang='lat' dir='ltr'>accepit</span> <span class='ocrx_word' id='word_1_173' title='bbox 217 2583 393 2656; x_wconf 88' lang='lat' dir='ltr'>potestatem</span> <span class='ocrx_word' id='word_1_174' title='bbox 408 2575 437 2635; x_wconf 89' lang='lat' dir='ltr'>id</span> <span class='ocrx_word' id='word_1_175' title='bbox 452 2591 544 2636; x_wconf 88' lang='lat' dir='ltr'>omne</span> <span class='ocrx_word' id='word_1_176' title='bbox 567 2571 696 2634; x_wconf 90' lang='lat' dir='ltr'>laciendi</span> <span class='ocrx_word' id='word_1_177' title='bbox 711 2571 793 2652; x_wconf 85' lang='lat' dir='ltr'>quod</span> <span class='ocrx_word' id='word_1_178' title='bbox 809 2570 1011 2632; x_wconf 87' lang='lat' dir='ltr'>necessarium</span> <span class='ocrx_word' id='word_1_179' title='bbox 1025 2575 1054 2631; x_wconf 89' lang='lat' dir='ltr'>et</span> 
     </span>
     <span class='ocr_line' id='line_1_27' title="bbox 86 2656 1055 2744; baseline -0.006 -18"><span class='ocrx_word' id='word_1_180' title='bbox 86 2663 162 2726; x_wconf 88' lang='lat' dir='ltr'>utile</span> <span class='ocrx_word' id='word_1_181' title='bbox 175 2665 271 2726; x_wconf 89' lang='lat' dir='ltr'>estad</span> <span class='ocrx_word' id='word_1_182' title='bbox 290 2683 379 2728; x_wconf 88' lang='lat' dir='ltr'>suum</span> <span class='ocrx_word' id='word_1_183' title='bbox 400 2663 494 2726; x_wconf 86' lang='lat' dir='ltr'>linem</span> <span class='ocrx_word' id='word_1_184' title='bbox 516 2661 761 2744; x_wconf 65' lang='lat' dir='ltr'>assequendum</span> <span class='ocrx_word' id='word_1_185' title='bbox 786 2659 877 2738; x_wconf 80' lang='lat' dir='ltr'>porro</span> <span class='ocrx_word' id='word_1_186' title='bbox 898 2661 914 2718; x_wconf 75' lang='lat' dir='ltr'>a</span> <span class='ocrx_word' id='word_1_187' title='bbox 938 2656 1055 2720; x_wconf 80' lang='lat' dir='ltr'>Christo</span> 
     </span>
     <span class='ocr_line' id='line_1_28' title="bbox 86 2747 1054 2816; baseline -0.005 -3"><span class='ocrx_word' id='word_1_188' title='bbox 86 2753 219 2815; x_wconf 81' lang='lat' dir='ltr'>Ecclesia</span> <span class='ocrx_word' id='word_1_189' title='bbox 242 2753 295 2816; x_wconf 86' lang='lat' dir='ltr'>luit</span> <span class='ocrx_word' id='word_1_190' title='bbox 315 2753 448 2815; x_wconf 89' lang='lat' dir='ltr'>instituta</span> <span class='ocrx_word' id='word_1_191' title='bbox 467 2760 500 2815; x_wconf 92' lang='lat' dir='ltr'>ut</span> <span class='ocrx_word' id='word_1_192' title='bbox 516 2752 620 2813; x_wconf 88' lang='lat' dir='ltr'>lideles</span> <span class='ocrx_word' id='word_1_193' title='bbox 640 2767 747 2809; x_wconf 88' lang='lat' dir='ltr'>omnes</span> <span class='ocrx_word' id='word_1_194' title='bbox 773 2747 810 2809; x_wconf 85' lang='lat' dir='ltr'>ad</span> <span class='ocrx_word' id='word_1_195' title='bbox 825 2747 1012 2808; x_wconf 87' lang='lat' dir='ltr'>sanctitatem</span> <span class='ocrx_word' id='word_1_196' title='bbox 1025 2753 1054 2808; x_wconf 88' lang='lat' dir='ltr'>et</span> 
     </span>
     <span class='ocr_line' id='line_1_29' title="bbox 85 2836 1052 2924; baseline -0.006 -22"><span class='ocrx_word' id='word_1_197' title='bbox 85 2842 313 2924; x_wconf 86' lang='lat' dir='ltr'>perlectionem,</span> <span class='ocrx_word' id='word_1_198' title='bbox 322 2844 407 2922; x_wconf 80' lang='lat' dir='ltr'>juxta</span> <span class='ocrx_word' id='word_1_199' title='bbox 415 2843 604 2922; x_wconf 79' lang='lat' dir='ltr'>singulorum</span> <span class='ocrx_word' id='word_1_200' title='bbox 613 2839 802 2901; x_wconf 86' lang='lat' dir='ltr'>necessitates</span> <span class='ocrx_word' id='word_1_201' title='bbox 812 2836 942 2897; x_wconf 88' lang='lat' dir='ltr'>etvarios</span> <span class='ocrx_word' id='word_1_202' title='bbox 949 2841 1052 2914; x_wconf 85' lang='lat' dir='ltr'>status,</span> 
     </span>
     <span class='ocr_line' id='line_1_30' title="bbox 85 2925 1053 3012; baseline -0.005 -19"><span class='ocrx_word' id='word_1_203' title='bbox 85 2939 262 3012; x_wconf 81' lang='lat' dir='ltr'>promoveat</span> <span class='ocrx_word' id='word_1_204' title='bbox 272 2941 321 3008; x_wconf 81' lang='lat' dir='ltr'>;et</span> <span class='ocrx_word' id='word_1_205' title='bbox 334 2933 459 2996; x_wconf 90' lang='lat' dir='ltr'>consilia</span> <span class='ocrx_word' id='word_1_206' title='bbox 470 2931 642 3011; x_wconf 80' lang='lat' dir='ltr'>evangelica</span> <span class='ocrx_word' id='word_1_207' title='bbox 657 2927 866 3008; x_wconf 84' lang='lat' dir='ltr'>profitentibus</span> <span class='ocrx_word' id='word_1_208' title='bbox 875 2933 919 2988; x_wconf 85' lang='lat' dir='ltr'>est</span> <span class='ocrx_word' id='word_1_209' title='bbox 931 2925 1053 3005; x_wconf 85' lang='lat' dir='ltr'>insuper</span> 
     </span>
     <span class='ocr_line' id='line_1_31' title="bbox 84 3015 1052 3102; baseline -0.005 -20"><span class='ocrx_word' id='word_1_210' title='bbox 84 3021 170 3084; x_wconf 84' lang='lat' dir='ltr'>ualde</span> <span class='ocrx_word' id='word_1_211' title='bbox 194 3023 267 3084; x_wconf 89' lang='lat' dir='ltr'>utile</span> <span class='ocrx_word' id='word_1_212' title='bbox 292 3029 325 3084; x_wconf 87' lang='lat' dir='ltr'>ut</span> <span class='ocrx_word' id='word_1_213' title='bbox 352 3022 511 3102; x_wconf 88' lang='lat' dir='ltr'>incapaces</span> <span class='ocrx_word' id='word_1_214' title='bbox 533 3019 660 3081; x_wconf 86' lang='lat' dir='ltr'>dominii</span> <span class='ocrx_word' id='word_1_215' title='bbox 684 3017 877 3079; x_wconf 75' lang='lat' dir='ltr'>efficiantucz</span> <span class='ocrx_word' id='word_1_216' title='bbox 903 3015 946 3076; x_wconf 92' lang='lat' dir='ltr'>sic</span> <span class='ocrx_word' id='word_1_217' title='bbox 969 3015 1052 3077; x_wconf 91' lang='lat' dir='ltr'>enim</span> 
     </span>
     <span class='ocr_line' id='line_1_32' title="bbox 84 3104 1052 3192; baseline -0.005 -21"><span class='ocrx_word' id='word_1_218' title='bbox 84 3113 181 3192; x_wconf 78' lang='lat' dir='ltr'>tnagis</span> <span class='ocrx_word' id='word_1_219' title='bbox 203 3113 378 3175; x_wconf 83' lang='lat' dir='ltr'>arcenturll</span> <span class='ocrx_word' id='word_1_220' title='bbox 402 3110 568 3192; x_wconf 87' lang='lat' dir='ltr'>periculoso</span> <span class='ocrx_word' id='word_1_221' title='bbox 583 3108 753 3170; x_wconf 85' lang='lat' dir='ltr'>divitiarum</span> <span class='ocrx_word' id='word_1_222' title='bbox 777 3122 891 3168; x_wconf 85' lang='lat' dir='ltr'>arnore.</span> <span class='ocrx_word' id='word_1_223' title='bbox 910 3106 990 3185; x_wconf 85' lang='lat' dir='ltr'>Ergo</span> <span class='ocrx_word' id='word_1_224' title='bbox 1014 3104 1052 3166; x_wconf 90' lang='lat' dir='ltr'>ad</span> 
     </span>
     <span class='ocr_line' id='line_1_33' title="bbox 81 3194 1051 3284; baseline -0.005 -23"><span class='ocrx_word' id='word_1_225' title='bbox 81 3201 248 3262; x_wconf 85' lang='lat' dir='ltr'>Ecclesiam</span> <span class='ocrx_word' id='word_1_226' title='bbox 269 3202 399 3284; x_wconf 84' lang='lat' dir='ltr'>pertinet</span> <span class='ocrx_word' id='word_1_227' title='bbox 415 3202 506 3264; x_wconf 90' lang='lat' dir='ltr'>eliam</span> <span class='ocrx_word' id='word_1_228' title='bbox 524 3198 733 3262; x_wconf 87' lang='lat' dir='ltr'>omnimodum</span> <span class='ocrx_word' id='word_1_229' title='bbox 754 3195 881 3259; x_wconf 89' lang='lat' dir='ltr'>dominii</span> <span class='ocrx_word' id='word_1_230' title='bbox 899 3194 1051 3275; x_wconf 83' lang='lat' dir='ltr'>incapaci·</span> 
     </span>
     <span class='ocr_line' id='line_1_34' title="bbox 82 3295 333 3354; baseline 0.012 -3"><span class='ocrx_word' id='word_1_231' title='bbox 82 3295 175 3352; x_wconf 89' lang='lat' dir='ltr'>tatem</span> <span class='ocrx_word' id='word_1_232' title='bbox 191 3298 333 3354; x_wconf 86' lang='lat' dir='ltr'>statuere.</span> 
     </span>
    </p>

    <p class='ocr_par' dir='ltr' id='par_1_5' title="bbox 79 3371 1052 3726">
     <span class='ocr_line' id='line_1_35' title="bbox 120 3371 1052 3462; baseline -0.005 -21"><span class='ocrx_word' id='word_1_233' title='bbox 120 3380 648 3462; x_wconf 86' lang='lat' dir='ltr'>lterumprobaturrationa:certum</span> <span class='ocrx_word' id='word_1_234' title='bbox 658 3388 703 3441; x_wconf 88' lang='lat' dir='ltr'>est</span> <span class='ocrx_word' id='word_1_235' title='bbox 714 3377 870 3460; x_wconf 80' lang='lat' dir='ltr'>religiosos</span> <span class='ocrx_word' id='word_1_236' title='bbox 878 3371 1052 3438; x_wconf 83' lang='lat' dir='ltr'>solemniter</span> 
     </span>
     <span class='ocr_line' id='line_1_36' title="bbox 79 3464 1051 3552; baseline -0.007 -21"><span class='ocrx_word' id='word_1_237' title='bbox 79 3469 232 3552; x_wconf 79' lang='lat' dir='ltr'>professos</span> <span class='ocrx_word' id='word_1_238' title='bbox 245 3491 310 3534; x_wconf 88' lang='lat' dir='ltr'>esse</span> <span class='ocrx_word' id='word_1_239' title='bbox 323 3473 451 3534; x_wconf 82' lang='lat' dir='ltr'>omnino</span> <span class='ocrx_word' id='word_1_240' title='bbox 463 3472 589 3534; x_wconf 88' lang='lat' dir='ltr'>dominii</span> <span class='ocrx_word' id='word_1_241' title='bbox 606 3473 764 3549; x_wconf 90' lang='lat' dir='ltr'>incapaces</span> <span class='ocrx_word' id='word_1_242' title='bbox 778 3489 785 3530; x_wconf 92' lang='lat'>:</span> <span class='ocrx_word' id='word_1_243' title='bbox 804 3467 893 3548; x_wconf 78' lang='lat' dir='ltr'>porro</span> <span class='ocrx_word' id='word_1_244' title='bbox 906 3464 955 3526; x_wconf 87' lang='lat' dir='ltr'>illa</span> <span class='ocrx_word' id='word_1_245' title='bbox 966 3466 1051 3525; x_wconf 83' lang='lat' dir='ltr'>inca-</span> 
     </span>
     <span class='ocr_line' id='line_1_37' title="bbox 80 3553 1051 3643; baseline -0.007 -20"><span class='ocrx_word' id='word_1_246' title='bbox 80 3561 194 3641; x_wconf 84' lang='lat' dir='ltr'>pacitas</span> <span class='ocrx_word' id='word_1_247' title='bbox 206 3561 252 3624; x_wconf 75' lang='lat' dir='ltr'>uel</span> <span class='ocrx_word' id='word_1_248' title='bbox 266 3561 285 3624; x_wconf 73' lang='lat' dir='ltr'>l</span> <span class='ocrx_word' id='word_1_249' title='bbox 300 3563 433 3624; x_wconf 71' lang='lat' dir='ltr'>seculari</span> <span class='ocrx_word' id='word_1_250' title='bbox 454 3569 598 3643; x_wconf 89' lang='lat' dir='ltr'>potestate</span> <span class='ocrx_word' id='word_1_251' title='bbox 614 3560 766 3642; x_wconf 82' lang='lat' dir='ltr'>procedit,</span> <span class='ocrx_word' id='word_1_252' title='bbox 780 3560 824 3618; x_wconf 88' lang='lat' dir='ltr'>vet</span> <span class='ocrx_word' id='word_1_253' title='bbox 840 3553 1051 3617; x_wconf 86' lang='lat' dir='ltr'>tantunmmdo</span> 
     </span>
     <span class='ocr_line' id='line_1_38' title="bbox 79 3642 1049 3726; baseline -0.005 -15"><span class='ocrx_word' id='word_1_254' title='bbox 79 3648 120 3711; x_wconf 76' lang='lat' dir='ltr'>ab</span> <span class='ocrx_word' id='word_1_255' title='bbox 131 3651 307 3726; x_wconf 85' lang='lat' dir='ltr'>auctoritate</span> <span class='ocrx_word' id='word_1_256' title='bbox 320 3652 533 3726; x_wconf 75' lang='lat' dir='ltr'>ecclesiastica,</span> <span class='ocrx_word' id='word_1_257' title='bbox 546 3651 631 3725; x_wconf 75' lang='lat' dir='ltr'>cum.</span> <span class='ocrx_word' id='word_1_258' title='bbox 640 3657 774 3724; x_wconf 81' lang='lat' dir='ltr'>utsupra</span> <span class='ocrx_word' id='word_1_259' title='bbox 785 3645 919 3710; x_wconf 80' lang='lat' dir='ltr'>diximus</span> <span class='ocrx_word' id='word_1_260' title='bbox 934 3642 1049 3722; x_wconf 71' lang='lat'>(2489).</span> 
     </span>
    </p>
   </div>
   <div class='ocr_carea' id='block_1_5' title="bbox 0 0 1277 3996">
    <p class='ocr_par' dir='ltr' id='par_1_6' title="bbox 0 0 1277 3996">
     <span class='ocr_line' id='line_1_39' title="bbox 0 0 1277 3996; baseline 0 0"><span class='ocrx_word' id='word_1_261' title='bbox 0 0 1277 3996; x_wconf 95' lang='lat' dir='ltr'> </span> 
     </span>
    </p>
   </div>
  </div>
 </body>
</html>
