<?xml version="1.0" encoding="UTF-8"?>
<!DOCTYPE html PUBLIC "-//W3C//DTD XHTML 1.0 Transitional//EN"
    "http://www.w3.org/TR/xhtml1/DTD/xhtml1-transitional.dtd">
<html xmlns="http://www.w3.org/1999/xhtml" xml:lang="en" lang="en">
 <head>
  <title>
</title>
<meta http-equiv="Content-Type" content="text/html;charset=utf-8" />
  <meta name='ocr-system' content='tesseract 3.04.00' />
  <meta name='ocr-capabilities' content='ocr_page ocr_carea ocr_par ocr_line ocrx_word'/>
</head>
<body>
  <div class='ocr_page' id='page_1' title='image "./manualetotiusju01craigoog_0496.png"; bbox 0 0 2522 3992; ppageno 0'>
   <div class='ocr_carea' id='block_1_1' title="bbox 439 246 1033 310">
    <p class='ocr_par' dir='ltr' id='par_1_1' title="bbox 439 246 1033 310">
     <span class='ocr_line' id='line_1_1' title="bbox 439 246 1033 310; baseline 0.005 -3"><span class='ocrx_word' id='word_1_1' title='bbox 439 261 524 308; x_wconf 83' lang='lat' dir='ltr'>unm</span> <span class='ocrx_word' id='word_1_2' title='bbox 545 263 661 310; x_wconf 83' lang='grc'><strong>991999.</strong></span> <span class='ocrx_word' id='word_1_3' title='bbox 977 246 1033 310; x_wconf 75' lang='lat' dir='ltr'>tot</span> 
     </span>
    </p>
   </div>
   <div class='ocr_carea' id='block_1_2' title="bbox 65 361 1049 1869">
    <p class='ocr_par' dir='ltr' id='par_1_2' title="bbox 65 361 1042 887">
     <span class='ocr_line' id='line_1_2' title="bbox 102 361 1039 448; baseline 0.002 -22"><span class='ocrx_word' id='word_1_4' title='bbox 102 363 191 426; x_wconf 83' lang='grc'><strong>9698.</strong></span> <span class='ocrx_word' id='word_1_5' title='bbox 214 362 305 426; x_wconf 81' lang='lat' dir='ltr'>Extra</span> <span class='ocrx_word' id='word_1_6' title='bbox 319 379 424 427; x_wconf 81' lang='lat' dir='ltr'>casum</span> <span class='ocrx_word' id='word_1_7' title='bbox 438 380 528 444; x_wconf 83' lang='lat' dir='ltr'>supro</span> <span class='ocrx_word' id='word_1_8' title='bbox 542 364 729 445; x_wconf 79' lang='lat' dir='ltr'>expositum,</span> <span class='ocrx_word' id='word_1_9' title='bbox 747 367 845 448; x_wconf 85' lang='lat' dir='ltr'>potest</span> <span class='ocrx_word' id='word_1_10' title='bbox 860 361 925 427; x_wconf 84' lang='lat' dir='ltr'>beri</span> <span class='ocrx_word' id='word_1_11' title='bbox 939 362 1039 428; x_wconf 84' lang='lat' dir='ltr'>adhuc</span> 
     </span>
     <span class='ocr_line' id='line_1_3' title="bbox 65 450 1037 532; baseline 0.001 -19"><span class='ocrx_word' id='word_1_12' title='bbox 65 450 211 514; x_wconf 88' lang='lat' dir='ltr'>Prolessio</span> <span class='ocrx_word' id='word_1_13' title='bbox 222 451 309 514; x_wconf 80' lang='lat' dir='ltr'>tacito</span> <span class='ocrx_word' id='word_1_14' title='bbox 319 452 360 528; x_wconf 71' lang='lat' dir='ltr'>si,</span> <span class='ocrx_word' id='word_1_15' title='bbox 373 471 400 512; x_wconf 91' lang='lat' dir='ltr'>v.</span> <span class='ocrx_word' id='word_1_16' title='bbox 413 472 456 532; x_wconf 65' lang='grc'>9.,</span> <span class='ocrx_word' id='word_1_17' title='bbox 468 451 592 514; x_wconf 83' lang='lat' dir='ltr'>Praelnto</span> <span class='ocrx_word' id='word_1_18' title='bbox 602 454 714 515; x_wconf 88' lang='lat' dir='ltr'>sciente</span> <span class='ocrx_word' id='word_1_19' title='bbox 722 460 751 515; x_wconf 88' lang='lat' dir='ltr'>et</span> <span class='ocrx_word' id='word_1_20' title='bbox 763 471 823 515; x_wconf 92' lang='lat' dir='ltr'>non</span> <span class='ocrx_word' id='word_1_21' title='bbox 833 451 1037 530; x_wconf 75' lang='lat' dir='ltr'>dissentiente,</span> 
     </span>
     <span class='ocr_line' id='line_1_4' title="bbox 66 541 1038 621; baseline 0 -19"><span class='ocrx_word' id='word_1_22' title='bbox 66 541 194 602; x_wconf 89' lang='lat' dir='ltr'>novitius</span> <span class='ocrx_word' id='word_1_23' title='bbox 211 557 318 604; x_wconf 84' lang='lat' dir='ltr'>omnes</span> <span class='ocrx_word' id='word_1_24' title='bbox 341 541 530 604; x_wconf 85' lang='lat' dir='ltr'>conditiones</span> <span class='ocrx_word' id='word_1_25' title='bbox 552 541 590 603; x_wconf 83' lang='lat' dir='ltr'>cd</span> <span class='ocrx_word' id='word_1_26' title='bbox 611 541 833 605; x_wconf 74' lang='lat' dir='ltr'>professionem</span> <span class='ocrx_word' id='word_1_27' title='bbox 859 541 1038 621; x_wconf 82' lang='lat' dir='ltr'>possidens,</span> 
     </span>
     <span class='ocr_line' id='line_1_5' title="bbox 67 627 1041 712; baseline -0.002 -20"><span class='ocrx_word' id='word_1_28' title='bbox 67 627 241 709; x_wconf 76' lang='lat' dir='ltr'>suffragium</span> <span class='ocrx_word' id='word_1_29' title='bbox 255 627 329 691; x_wconf 83' lang='lat' dir='ltr'>ierat</span> <span class='ocrx_word' id='word_1_30' title='bbox 339 629 370 690; x_wconf 94' lang='lat' dir='ltr'>in</span> <span class='ocrx_word' id='word_1_31' title='bbox 385 629 538 710; x_wconf 83' lang='lat' dir='ltr'>Capitulo;</span> <span class='ocrx_word' id='word_1_32' title='bbox 550 629 595 691; x_wconf 89' lang='lat' dir='ltr'>vel</span> <span class='ocrx_word' id='word_1_33' title='bbox 606 630 629 693; x_wconf 90' lang='lat' dir='ltr'>si</span> <span class='ocrx_word' id='word_1_34' title='bbox 640 629 845 712; x_wconf 79' lang='lat' dir='ltr'>professorum</span> <span class='ocrx_word' id='word_1_35' title='bbox 857 629 992 692; x_wconf 80' lang='lat' dir='ltr'>habitum</span> <span class='ocrx_word' id='word_1_36' title='bbox 1003 629 1041 690; x_wconf 86' lang='lat' dir='ltr'>ab</span> 
     </span>
     <span class='ocr_line' id='line_1_6' title="bbox 68 716 1042 800; baseline 0.002 -21"><span class='ocrx_word' id='word_1_37' title='bbox 68 717 169 779; x_wconf 84' lang='lat' dir='ltr'>babitu</span> <span class='ocrx_word' id='word_1_38' title='bbox 189 717 370 780; x_wconf 90' lang='lat' dir='ltr'>novitiorum</span> <span class='ocrx_word' id='word_1_39' title='bbox 384 716 577 794; x_wconf 88' lang='lat' dir='ltr'>distinctum,</span> <span class='ocrx_word' id='word_1_40' title='bbox 593 736 647 800; x_wconf 85' lang='lat' dir='ltr'>per</span> <span class='ocrx_word' id='word_1_41' title='bbox 660 727 720 782; x_wconf 85' lang='lat' dir='ltr'>tres</span> <span class='ocrx_word' id='word_1_42' title='bbox 733 718 799 782; x_wconf 87' lang='lat' dir='ltr'>dies</span> <span class='ocrx_word' id='word_1_43' title='bbox 812 718 844 782; x_wconf 93' lang='lat' dir='ltr'>in</span> <span class='ocrx_word' id='word_1_44' title='bbox 858 718 1042 781; x_wconf 81' lang='lat' dir='ltr'>monasterio</span> 
     </span>
     <span class='ocr_line' id='line_1_7' title="bbox 70 805 701 887; baseline 0.006 -21"><span class='ocrx_word' id='word_1_45' title='bbox 70 811 178 887; x_wconf 78' lang='lat' dir='ltr'>gestet3</span> <span class='ocrx_word' id='word_1_46' title='bbox 191 823 277 868; x_wconf 86' lang='lat' dir='ltr'>secus</span> <span class='ocrx_word' id='word_1_47' title='bbox 291 806 315 867; x_wconf 91' lang='lat' dir='ltr'>si</span> <span class='ocrx_word' id='word_1_48' title='bbox 330 805 402 868; x_wconf 89' lang='lat' dir='ltr'>loris</span> <span class='ocrx_word' id='word_1_49' title='bbox 416 809 533 869; x_wconf 84' lang='lat' dir='ltr'>lantum</span> <span class='ocrx_word' id='word_1_50' title='bbox 548 814 701 887; x_wconf 68' lang='lat' dir='ltr'>gestasset.</span> 
     </span>
    </p>

    <p class='ocr_par' dir='ltr' id='par_1_3' title="bbox 71 893 1045 1246">
     <span class='ocr_line' id='line_1_8' title="bbox 109 893 1043 979; baseline -0.001 -22"><span class='ocrx_word' id='word_1_51' title='bbox 109 899 198 958; x_wconf 87' lang='grc'><strong>9699.</strong></span> <span class='ocrx_word' id='word_1_52' title='bbox 222 893 268 956; x_wconf 82' lang='lat' dir='ltr'>bd</span> <span class='ocrx_word' id='word_1_53' title='bbox 291 894 348 958; x_wconf 93' lang='lat' dir='ltr'>boc</span> <span class='ocrx_word' id='word_1_54' title='bbox 371 895 566 958; x_wconf 85' lang='lat' dir='ltr'>Prolessionis</span> <span class='ocrx_word' id='word_1_55' title='bbox 588 915 684 978; x_wconf 81' lang='lat' dir='ltr'>genus</span> <span class='ocrx_word' id='word_1_56' title='bbox 704 897 819 960; x_wconf 86' lang='lat' dir='ltr'>eaedem</span> <span class='ocrx_word' id='word_1_57' title='bbox 846 895 1043 979; x_wconf 86' lang='lat' dir='ltr'>requiruntur</span> 
     </span>
     <span class='ocr_line' id='line_1_9' title="bbox 71 984 1043 1070; baseline -0.003 -22"><span class='ocrx_word' id='word_1_58' title='bbox 71 984 258 1048; x_wconf 90' lang='lat' dir='ltr'>conditiones</span> <span class='ocrx_word' id='word_1_59' title='bbox 275 1003 349 1066; x_wconf 86' lang='lat' dir='ltr'>quus</span> <span class='ocrx_word' id='word_1_60' title='bbox 361 984 451 1047; x_wconf 82' lang='lat' dir='ltr'>modo</span> <span class='ocrx_word' id='word_1_61' title='bbox 461 987 704 1049; x_wconf 77' lang='lat' dir='ltr'>enumeravimus</span> <span class='ocrx_word' id='word_1_62' title='bbox 715 1008 723 1063; x_wconf 90' lang='lat'>;</span> <span class='ocrx_word' id='word_1_63' title='bbox 736 993 764 1048; x_wconf 89' lang='lat' dir='ltr'>et</span> <span class='ocrx_word' id='word_1_64' title='bbox 778 988 902 1070; x_wconf 80' lang='lat' dir='ltr'>insuper</span> <span class='ocrx_word' id='word_1_65' title='bbox 916 984 1043 1067; x_wconf 85' lang='lat' dir='ltr'>requiri·</span> 
     </span>
     <span class='ocr_line' id='line_1_10' title="bbox 72 1074 1045 1156; baseline -0.001 -20"><span class='ocrx_word' id='word_1_66' title='bbox 72 1081 121 1137; x_wconf 87' lang='lat' dir='ltr'>tur</span> <span class='ocrx_word' id='word_1_67' title='bbox 135 1079 168 1137; x_wconf 91' lang='lat' dir='ltr'>ut</span> <span class='ocrx_word' id='word_1_68' title='bbox 182 1075 311 1136; x_wconf 87' lang='lat' dir='ltr'>novitius</span> <span class='ocrx_word' id='word_1_69' title='bbox 324 1074 397 1136; x_wconf 85' lang='lat' dir='ltr'>scint</span> <span class='ocrx_word' id='word_1_70' title='bbox 410 1093 464 1156; x_wconf 88' lang='lat' dir='ltr'>per</span> <span class='ocrx_word' id='word_1_71' title='bbox 478 1074 616 1156; x_wconf 83' lang='lat' dir='ltr'>praelntos</span> <span class='ocrx_word' id='word_1_72' title='bbox 627 1084 711 1139; x_wconf 85' lang='lat' dir='ltr'>actus</span> <span class='ocrx_word' id='word_1_73' title='bbox 725 1075 825 1139; x_wconf 88' lang='lat' dir='ltr'>induci</span> <span class='ocrx_word' id='word_1_74' title='bbox 839 1075 960 1138; x_wconf 77' lang='lat' dir='ltr'>tacitum</span> <span class='ocrx_word' id='word_1_75' title='bbox 974 1077 1045 1136; x_wconf 91' lang='lat' dir='ltr'>Pro·</span> 
     </span>
     <span class='ocr_line' id='line_1_11' title="bbox 72 1163 1045 1246; baseline 0.001 -20"><span class='ocrx_word' id='word_1_76' title='bbox 72 1163 246 1226; x_wconf 81' lang='lat' dir='ltr'>sessionem.</span> <span class='ocrx_word' id='word_1_77' title='bbox 265 1163 372 1246; x_wconf 89' lang='lat' dir='ltr'>(Bouix</span> <span class='ocrx_word' id='word_1_78' title='bbox 387 1212 394 1238; x_wconf 89' lang='grc'><strong>,</strong></span> <span class='ocrx_word' id='word_1_79' title='bbox 410 1163 464 1234; x_wconf 73' lang='lat' dir='ltr'>it„</span> <span class='ocrx_word' id='word_1_80' title='bbox 479 1183 510 1244; x_wconf 84' lang='lat' dir='ltr'>p.</span> <span class='ocrx_word' id='word_1_81' title='bbox 526 1167 608 1244; x_wconf 82' lang='grc'><strong>609.)</strong></span> <span class='ocrx_word' id='word_1_82' title='bbox 1041 1185 1045 1194; x_wconf 91' lang='grc'><strong><em>·</em></strong></span> 
     </span>
    </p>

    <p class='ocr_par' dir='ltr' id='par_1_4' title="bbox 75 1251 1049 1869">
     <span class='ocr_line' id='line_1_12' title="bbox 113 1251 1046 1318; baseline -0.001 -3"><span class='ocrx_word' id='word_1_83' title='bbox 113 1257 202 1316; x_wconf 80' lang='grc'><strong>9709.</strong></span> <span class='ocrx_word' id='word_1_84' title='bbox 226 1255 293 1314; x_wconf 87' lang='lat' dir='ltr'>Non</span> <span class='ocrx_word' id='word_1_85' title='bbox 317 1251 498 1314; x_wconf 84' lang='lat' dir='ltr'>sufficienter</span> <span class='ocrx_word' id='word_1_86' title='bbox 520 1253 724 1318; x_wconf 73' lang='lat' dir='ltr'>consolidatur</span> <span class='ocrx_word' id='word_1_87' title='bbox 749 1253 899 1318; x_wconf 88' lang='lat' dir='ltr'>Prolessio</span> <span class='ocrx_word' id='word_1_88' title='bbox 925 1251 1046 1315; x_wconf 87' lang='lat' dir='ltr'>nulliter</span> 
     </span>
     <span class='ocr_line' id='line_1_13' title="bbox 75 1342 1047 1426; baseline -0.004 -20"><span class='ocrx_word' id='word_1_89' title='bbox 75 1343 150 1406; x_wconf 81' lang='lat' dir='ltr'>iacta</span> <span class='ocrx_word' id='word_1_90' title='bbox 161 1361 214 1423; x_wconf 88' lang='lat' dir='ltr'>per</span> <span class='ocrx_word' id='word_1_91' title='bbox 223 1342 446 1404; x_wconf 81' lang='lat' dir='ltr'>renovationem</span> <span class='ocrx_word' id='word_1_92' title='bbox 455 1344 708 1424; x_wconf 88' lang='lat' dir='ltr'>votorumquaellt</span> <span class='ocrx_word' id='word_1_93' title='bbox 718 1343 915 1426; x_wconf 83' lang='lat' dir='ltr'>quotannisin</span> <span class='ocrx_word' id='word_1_94' title='bbox 927 1342 1047 1422; x_wconf 90' lang='lat' dir='ltr'>quibus·</span> 
     </span>
     <span class='ocr_line' id='line_1_14' title="bbox 75 1430 1047 1514; baseline -0.003 -19"><span class='ocrx_word' id='word_1_95' title='bbox 75 1433 145 1495; x_wconf 84' lang='lat' dir='ltr'>dam</span> <span class='ocrx_word' id='word_1_96' title='bbox 161 1431 366 1513; x_wconf 79' lang='lat' dir='ltr'>Religionibus</span> <span class='ocrx_word' id='word_1_97' title='bbox 380 1447 416 1492; x_wconf 89' lang='lat' dir='ltr'>ex</span> <span class='ocrx_word' id='word_1_98' title='bbox 429 1432 603 1512; x_wconf 71' lang='lat' dir='ltr'>prescripto</span> <span class='ocrx_word' id='word_1_99' title='bbox 621 1433 765 1514; x_wconf 74' lang='lat' dir='ltr'>regulae‘s</span> <span class='ocrx_word' id='word_1_100' title='bbox 787 1433 863 1495; x_wconf 89' lang='lat' dir='ltr'>Sede</span> <span class='ocrx_word' id='word_1_101' title='bbox 879 1430 1047 1512; x_wconf 77' lang='lat' dir='ltr'>Apostolieb</span> 
     </span>
     <span class='ocr_line' id='line_1_15' title="bbox 78 1518 1045 1603; baseline -0.007 -19"><span class='ocrx_word' id='word_1_102' title='bbox 78 1522 265 1603; x_wconf 75' lang='lat' dir='ltr'>approbatre3</span> <span class='ocrx_word' id='word_1_103' title='bbox 281 1520 351 1601; x_wconf 84' lang='lat' dir='ltr'>quia</span> <span class='ocrx_word' id='word_1_104' title='bbox 366 1522 437 1582; x_wconf 90' lang='lat' dir='ltr'>cbm</span> <span class='ocrx_word' id='word_1_105' title='bbox 452 1519 503 1581; x_wconf 79' lang='lat' dir='ltr'>irat</span> <span class='ocrx_word' id='word_1_106' title='bbox 517 1540 552 1582; x_wconf 81' lang='lat' dir='ltr'>ex</span> <span class='ocrx_word' id='word_1_107' title='bbox 568 1521 689 1601; x_wconf 71' lang='lat' dir='ltr'>regule,</span> <span class='ocrx_word' id='word_1_108' title='bbox 705 1539 767 1584; x_wconf 93' lang='lat' dir='ltr'>non</span> <span class='ocrx_word' id='word_1_109' title='bbox 782 1527 826 1584; x_wconf 85' lang='lat' dir='ltr'>est</span> <span class='ocrx_word' id='word_1_110' title='bbox 839 1520 928 1601; x_wconf 70' lang='lat' dir='ltr'>plene</span> <span class='ocrx_word' id='word_1_111' title='bbox 943 1518 1045 1578; x_wconf 81' lang='lat' dir='ltr'>libere.</span> 
     </span>
     <span class='ocr_line' id='line_1_16' title="bbox 78 1607 1046 1692; baseline -0.007 -20"><span class='ocrx_word' id='word_1_112' title='bbox 78 1614 123 1672; x_wconf 85' lang='grc'>119</span> <span class='ocrx_word' id='word_1_113' title='bbox 135 1609 244 1691; x_wconf 87' lang='lat' dir='ltr'>pluries</span> <span class='ocrx_word' id='word_1_114' title='bbox 258 1617 286 1672; x_wconf 87' lang='lat' dir='ltr'>et</span> <span class='ocrx_word' id='word_1_115' title='bbox 298 1615 469 1672; x_wconf 74' lang='lat' dir='ltr'>constanter</span> <span class='ocrx_word' id='word_1_116' title='bbox 478 1611 495 1671; x_wconf 78' lang='grc'>9</span> <span class='ocrx_word' id='word_1_117' title='bbox 505 1611 536 1672; x_wconf 88' lang='lat' dir='ltr'>S.</span> <span class='ocrx_word' id='word_1_118' title='bbox 553 1611 663 1692; x_wconf 82' lang='lat' dir='ltr'>Congr.</span> <span class='ocrx_word' id='word_1_119' title='bbox 681 1611 772 1673; x_wconf 87' lang='lat' dir='ltr'>Cone.</span> <span class='ocrx_word' id='word_1_120' title='bbox 785 1609 840 1672; x_wconf 86' lang='lat' dir='ltr'>fuit</span> <span class='ocrx_word' id='word_1_121' title='bbox 850 1607 1046 1684; x_wconf 83' lang='lat' dir='ltr'>declaratum,</span> 
     </span>
     <span class='ocr_line' id='line_1_17' title="bbox 79 1693 1049 1781; baseline -0.005 -21"><span class='ocrx_word' id='word_1_122' title='bbox 79 1719 107 1760; x_wconf 89' lang='lat' dir='ltr'>v.</span> <span class='ocrx_word' id='word_1_123' title='bbox 123 1718 167 1779; x_wconf 66' lang='grc'>9.,</span> <span class='ocrx_word' id='word_1_124' title='bbox 190 1699 220 1760; x_wconf 92' lang='lat' dir='ltr'>in</span> <span class='ocrx_word' id='word_1_125' title='bbox 243 1699 419 1781; x_wconf 68' lang='grc'><strong>9999999991·</strong></span> <span class='ocrx_word' id='word_1_126' title='bbox 425 1745 436 1774; x_wconf 88' lang='grc'><strong>,</strong></span> <span class='ocrx_word' id='word_1_127' title='bbox 453 1703 490 1761; x_wconf 92' lang='grc'>19</span> <span class='ocrx_word' id='word_1_128' title='bbox 509 1717 573 1781; x_wconf 82' lang='lat' dir='ltr'>apr.</span> <span class='ocrx_word' id='word_1_129' title='bbox 598 1706 627 1760; x_wconf 86' lang='lat' dir='ltr'>et</span> <span class='ocrx_word' id='word_1_130' title='bbox 647 1702 687 1762; x_wconf 84' lang='lat'>30</span> <span class='ocrx_word' id='word_1_131' title='bbox 700 1698 853 1762; x_wconf 82' lang='lat' dir='ltr'>decembr.</span> <span class='ocrx_word' id='word_1_132' title='bbox 870 1699 957 1759; x_wconf 87' lang='grc'><strong>1698.</strong></span> <span class='ocrx_word' id='word_1_133' title='bbox 974 1693 1049 1756; x_wconf 86' lang='lat' dir='ltr'>Vide</span> 
     </span>
     <span class='ocr_line' id='line_1_18' title="bbox 79 1786 403 1869; baseline 0.003 -21"><span class='ocrx_word' id='word_1_134' title='bbox 79 1786 175 1850; x_wconf 86' lang='lat' dir='ltr'>Bouix</span> <span class='ocrx_word' id='word_1_135' title='bbox 194 1786 257 1868; x_wconf 73' lang='lat' dir='ltr'>(it,</span> <span class='ocrx_word' id='word_1_136' title='bbox 275 1807 305 1869; x_wconf 83' lang='lat' dir='ltr'>p.</span> <span class='ocrx_word' id='word_1_137' title='bbox 323 1789 403 1866; x_wconf 83' lang='grc'><strong>693).</strong></span> 
     </span>
    </p>
   </div>
   <div class='ocr_carea' id='block_1_3' title="bbox 352 1915 782 2098">
    <p class='ocr_par' dir='ltr' id='par_1_5' title="bbox 352 1915 782 2098">
     <span class='ocr_line' id='line_1_19' title="bbox 474 1915 681 1975; baseline 0.005 -1"><span class='ocrx_word' id='word_1_138' title='bbox 474 1915 627 1974; x_wconf 73' lang='grc'><strong>9111969611</strong></span> <span class='ocrx_word' id='word_1_139' title='bbox 648 1919 681 1975; x_wconf 87' lang='grc'>11.</span> 
     </span>
     <span class='ocr_line' id='line_1_20' title="bbox 352 2049 782 2098; baseline 0.002 -3"><span class='ocrx_word' id='word_1_140' title='bbox 352 2049 391 2095; x_wconf 77' lang='lat' dir='ltr'>uu</span> <span class='ocrx_word' id='word_1_141' title='bbox 411 2049 604 2096; x_wconf 82' lang='lat' dir='ltr'>rnorussrous</span> <span class='ocrx_word' id='word_1_142' title='bbox 625 2049 782 2098; x_wconf 75' lang='grc'><strong>99999991.</strong></span> 
     </span>
    </p>
   </div>
   <div class='ocr_carea' id='block_1_4' title="bbox 81 2191 1057 3520">
    <p class='ocr_par' dir='ltr' id='par_1_6' title="bbox 81 2191 1053 2540">
     <span class='ocr_line' id='line_1_21' title="bbox 121 2191 1052 2277; baseline 0.003 -22"><span class='ocrx_word' id='word_1_143' title='bbox 121 2195 210 2256; x_wconf 77' lang='grc'><strong>9161.</strong></span> <span class='ocrx_word' id='word_1_144' title='bbox 233 2191 293 2254; x_wconf 84' lang='lat' dir='ltr'>Etsi</span> <span class='ocrx_word' id='word_1_145' title='bbox 309 2191 494 2254; x_wconf 84' lang='lat' dir='ltr'>consuetudo</span> <span class='ocrx_word' id='word_1_146' title='bbox 512 2195 683 2256; x_wconf 89' lang='lat' dir='ltr'>communis</span> <span class='ocrx_word' id='word_1_147' title='bbox 706 2194 793 2256; x_wconf 90' lang='lat' dir='ltr'>sitin</span> <span class='ocrx_word' id='word_1_148' title='bbox 815 2193 948 2257; x_wconf 81' lang='lat' dir='ltr'>Ecclesib</span> <span class='ocrx_word' id='word_1_149' title='bbox 970 2194 1052 2277; x_wconf 86' lang='lat' dir='ltr'>qudd</span> 
     </span>
     <span class='ocr_line' id='line_1_22' title="bbox 81 2279 1052 2361; baseline 0.002 -17"><span class='ocrx_word' id='word_1_150' title='bbox 81 2280 230 2344; x_wconf 83' lang='lat' dir='ltr'>Proiessio</span> <span class='ocrx_word' id='word_1_151' title='bbox 244 2279 295 2342; x_wconf 85' lang='grc'>691</span> <span class='ocrx_word' id='word_1_152' title='bbox 308 2280 339 2340; x_wconf 89' lang='lat' dir='ltr'>in</span> <span class='ocrx_word' id='word_1_153' title='bbox 352 2279 525 2361; x_wconf 58' lang='lat' dir='ltr'>scriptume</span> <span class='ocrx_word' id='word_1_154' title='bbox 530 2283 597 2360; x_wconf 85' lang='lat' dir='ltr'>jure</span> <span class='ocrx_word' id='word_1_155' title='bbox 605 2288 704 2344; x_wconf 83' lang='lat' dir='ltr'>tamen</span> <span class='ocrx_word' id='word_1_156' title='bbox 719 2285 872 2346; x_wconf 89' lang='lat' dir='ltr'>communi</span> <span class='ocrx_word' id='word_1_157' title='bbox 887 2284 950 2345; x_wconf 84' lang='lat' dir='ltr'>fieri</span> <span class='ocrx_word' id='word_1_158' title='bbox 961 2286 1052 2346; x_wconf 84' lang='lat' dir='ltr'>etium</span> 
     </span>
     <span class='ocr_line' id='line_1_23' title="bbox 82 2369 1053 2454; baseline 0.002 -22"><span class='ocrx_word' id='word_1_159' title='bbox 82 2377 180 2453; x_wconf 89' lang='lat' dir='ltr'>potest</span> <span class='ocrx_word' id='word_1_160' title='bbox 205 2388 266 2430; x_wconf 91' lang='lat' dir='ltr'>non</span> <span class='ocrx_word' id='word_1_161' title='bbox 288 2371 406 2430; x_wconf 86' lang='lat' dir='ltr'>tuntirm</span> <span class='ocrx_word' id='word_1_162' title='bbox 428 2369 526 2431; x_wconf 80' lang='lat' dir='ltr'>verbis</span> <span class='ocrx_word' id='word_1_163' title='bbox 549 2369 601 2432; x_wconf 88' lang='lat' dir='ltr'>sed</span> <span class='ocrx_word' id='word_1_164' title='bbox 623 2372 712 2432; x_wconf 83' lang='lat' dir='ltr'>etiam</span> <span class='ocrx_word' id='word_1_165' title='bbox 732 2373 875 2444; x_wconf 76' lang='lat' dir='ltr'>nutibus,</span> <span class='ocrx_word' id='word_1_166' title='bbox 895 2379 928 2435; x_wconf 89' lang='lat' dir='ltr'>ut</span> <span class='ocrx_word' id='word_1_167' title='bbox 942 2373 1053 2454; x_wconf 88' lang='lat' dir='ltr'>passim</span> 
     </span>
     <span class='ocr_line' id='line_1_24' title="bbox 82 2459 919 2540; baseline -0.002 -18"><span class='ocrx_word' id='word_1_168' title='bbox 82 2461 146 2522; x_wconf 88' lang='lat' dir='ltr'>DD.</span> <span class='ocrx_word' id='word_1_169' title='bbox 163 2459 309 2540; x_wconf 80' lang='lat' dir='ltr'>colligunt</span> <span class='ocrx_word' id='word_1_170' title='bbox 322 2477 357 2520; x_wconf 82' lang='lat' dir='ltr'>ex</span> <span class='ocrx_word' id='word_1_171' title='bbox 372 2475 436 2540; x_wconf 84' lang='lat' dir='ltr'>cap.</span> <span class='ocrx_word' id='word_1_172' title='bbox 455 2461 648 2533; x_wconf 86' lang='lat' dir='ltr'>Porrectum,</span> <span class='ocrx_word' id='word_1_173' title='bbox 666 2459 701 2521; x_wconf 87' lang='lat' dir='ltr'>de</span> <span class='ocrx_word' id='word_1_174' title='bbox 718 2460 919 2540; x_wconf 69' lang='lat' dir='ltr'>Requloridus.</span> 
     </span>
    </p>

    <p class='ocr_par' dir='ltr' id='par_1_7' title="bbox 83 2547 1054 2808">
     <span class='ocr_line' id='line_1_25' title="bbox 125 2547 1054 2630; baseline 0.002 -20"><span class='ocrx_word' id='word_1_175' title='bbox 125 2549 187 2611; x_wconf 86' lang='lat' dir='ltr'>Sub</span> <span class='ocrx_word' id='word_1_176' title='bbox 200 2547 372 2610; x_wconf 88' lang='lat' dir='ltr'>conditione</span> <span class='ocrx_word' id='word_1_177' title='bbox 385 2547 542 2624; x_wconf 80' lang='lat' dir='ltr'>defuturo,</span> <span class='ocrx_word' id='word_1_178' title='bbox 556 2567 623 2630; x_wconf 83' lang='lat' dir='ltr'>quae</span> <span class='ocrx_word' id='word_1_179' title='bbox 637 2549 810 2611; x_wconf 76' lang='lat' dir='ltr'>substantie</span> <span class='ocrx_word' id='word_1_180' title='bbox 819 2549 982 2630; x_wconf 79' lang='lat' dir='ltr'>Religionis</span> <span class='ocrx_word' id='word_1_181' title='bbox 992 2568 1054 2612; x_wconf 92' lang='lat' dir='ltr'>non</span> 
     </span>
     <span class='ocr_line' id='line_1_26' title="bbox 83 2636 1054 2720; baseline -0.001 -19"><span class='ocrx_word' id='word_1_182' title='bbox 83 2644 248 2720; x_wconf 81' lang='lat' dir='ltr'>repugnet,</span> <span class='ocrx_word' id='word_1_183' title='bbox 263 2636 357 2698; x_wconf 88' lang='lat' dir='ltr'>emitti</span> <span class='ocrx_word' id='word_1_184' title='bbox 372 2643 485 2718; x_wconf 83' lang='lat' dir='ltr'>potest3</span> <span class='ocrx_word' id='word_1_185' title='bbox 498 2645 527 2698; x_wconf 88' lang='lat' dir='ltr'>et</span> <span class='ocrx_word' id='word_1_186' title='bbox 540 2645 623 2712; x_wconf 81' lang='lat' dir='ltr'>tunc,</span> <span class='ocrx_word' id='word_1_187' title='bbox 640 2637 812 2700; x_wconf 85' lang='lat' dir='ltr'>conditione</span> <span class='ocrx_word' id='word_1_188' title='bbox 827 2639 965 2720; x_wconf 67' lang='lat' dir='ltr'>impleta,</span> <span class='ocrx_word' id='word_1_189' title='bbox 980 2641 1054 2700; x_wconf 89' lang='lat' dir='ltr'>Pro·</span> 
     </span>
     <span class='ocr_line' id='line_1_27' title="bbox 83 2727 919 2808; baseline 0 -18"><span class='ocrx_word' id='word_1_190' title='bbox 83 2727 174 2790; x_wconf 83' lang='lat' dir='ltr'>lessio</span> <span class='ocrx_word' id='word_1_191' title='bbox 187 2727 300 2808; x_wconf 83' lang='lat' dir='ltr'>absque</span> <span class='ocrx_word' id='word_1_192' title='bbox 315 2743 392 2788; x_wconf 85' lang='lat' dir='ltr'>novo</span> <span class='ocrx_word' id='word_1_193' title='bbox 405 2744 555 2789; x_wconf 86' lang='lat' dir='ltr'>consensu</span> <span class='ocrx_word' id='word_1_194' title='bbox 577 2728 609 2788; x_wconf 92' lang='lat' dir='ltr'>in</span> <span class='ocrx_word' id='word_1_195' title='bbox 623 2727 789 2789; x_wconf 82' lang='lat' dir='ltr'>absolutum</span> <span class='ocrx_word' id='word_1_196' title='bbox 803 2730 919 2791; x_wconf 86' lang='lat' dir='ltr'>transit.</span> 
     </span>
    </p>

    <p class='ocr_par' dir='ltr' id='par_1_8' title="bbox 84 2815 1055 3074">
     <span class='ocr_line' id='line_1_28' title="bbox 126 2815 1054 2896; baseline 0.005 -20"><span class='ocrx_word' id='word_1_197' title='bbox 126 2819 215 2877; x_wconf 79' lang='grc'><strong>9769.</strong></span> <span class='ocrx_word' id='word_1_198' title='bbox 247 2817 444 2896; x_wconf 83' lang='lat' dir='ltr'>Quocumque</span> <span class='ocrx_word' id='word_1_199' title='bbox 465 2815 550 2891; x_wconf 89' lang='lat' dir='ltr'>loco,</span> <span class='ocrx_word' id='word_1_200' title='bbox 572 2816 661 2877; x_wconf 86' lang='lat' dir='ltr'>etiam</span> <span class='ocrx_word' id='word_1_201' title='bbox 679 2824 760 2878; x_wconf 82' lang='lat' dir='ltr'>extra</span> <span class='ocrx_word' id='word_1_202' title='bbox 784 2817 1014 2896; x_wconf 85' lang='lat' dir='ltr'>blonasterium‚</span> <span class='ocrx_word' id='word_1_203' title='bbox 1030 2817 1054 2881; x_wconf 85' lang='lat' dir='ltr'>si</span> 
     </span>
     <span class='ocr_line' id='line_1_29' title="bbox 84 2904 1055 2989; baseline 0.002 -21"><span class='ocrx_word' id='word_1_204' title='bbox 84 2905 201 2968; x_wconf 80' lang='lat' dir='ltr'>ltaliam</span> <span class='ocrx_word' id='word_1_205' title='bbox 215 2911 243 2968; x_wconf 86' lang='lat' dir='ltr'>et</span> <span class='ocrx_word' id='word_1_206' title='bbox 257 2904 372 2966; x_wconf 84' lang='lat' dir='ltr'>insulas</span> <span class='ocrx_word' id='word_1_207' title='bbox 386 2904 556 2983; x_wconf 85' lang='lat' dir='ltr'>adjacentes</span> <span class='ocrx_word' id='word_1_208' title='bbox 569 2904 699 2986; x_wconf 81' lang='lat' dir='ltr'>excipias</span> <span class='ocrx_word' id='word_1_209' title='bbox 713 2952 721 2982; x_wconf 93' lang='lat'>‚</span> <span class='ocrx_word' id='word_1_210' title='bbox 736 2906 905 2988; x_wconf 87' lang='lat' dir='ltr'>etquolibel</span> <span class='ocrx_word' id='word_1_211' title='bbox 919 2914 1055 2989; x_wconf 84' lang='lat' dir='ltr'>ternpore</span> 
     </span>
     <span class='ocr_line' id='line_1_30' title="bbox 85 2993 273 3074; baseline -0.011 -18"><span class='ocrx_word' id='word_1_212' title='bbox 85 2993 153 3056; x_wconf 85' lang='lat' dir='ltr'>fieri</span> <span class='ocrx_word' id='word_1_213' title='bbox 168 3001 273 3074; x_wconf 85' lang='lat' dir='ltr'>potest.</span> 
     </span>
    </p>

    <p class='ocr_par' dir='ltr' id='par_1_9' title="bbox 84 3081 1057 3520">
     <span class='ocr_line' id='line_1_31' title="bbox 128 3081 1054 3166; baseline 0.006 -22"><span class='ocrx_word' id='word_1_214' title='bbox 128 3085 217 3144; x_wconf 75' lang='lat'><strong>2703.</strong></span> <span class='ocrx_word' id='word_1_215' title='bbox 242 3081 388 3145; x_wconf 89' lang='lat' dir='ltr'>Prolessio</span> <span class='ocrx_word' id='word_1_216' title='bbox 410 3089 515 3146; x_wconf 86' lang='lat' dir='ltr'>contra</span> <span class='ocrx_word' id='word_1_217' title='bbox 541 3084 766 3148; x_wconf 86' lang='lat' dir='ltr'>constitutiones</span> <span class='ocrx_word' id='word_1_218' title='bbox 790 3085 909 3148; x_wconf 89' lang='lat' dir='ltr'>Ordinis</span> <span class='ocrx_word' id='word_1_219' title='bbox 929 3089 1054 3166; x_wconf 83' lang='lat' dir='ltr'>emissa,</span> 
     </span>
     <span class='ocr_line' id='line_1_32' title="bbox 85 3169 1056 3254; baseline 0.001 -18"><span class='ocrx_word' id='word_1_220' title='bbox 85 3190 151 3236; x_wconf 88' lang='lat' dir='ltr'>non</span> <span class='ocrx_word' id='word_1_221' title='bbox 166 3169 234 3233; x_wconf 89' lang='lat' dir='ltr'>ideo</span> <span class='ocrx_word' id='word_1_222' title='bbox 247 3179 292 3233; x_wconf 85' lang='lat' dir='ltr'>est</span> <span class='ocrx_word' id='word_1_223' title='bbox 311 3172 406 3247; x_wconf 86' lang='lat' dir='ltr'>nullu;</span> <span class='ocrx_word' id='word_1_224' title='bbox 424 3173 479 3233; x_wconf 90' lang='lat' dir='ltr'>nisi</span> <span class='ocrx_word' id='word_1_225' title='bbox 502 3172 643 3233; x_wconf 85' lang='lat' dir='ltr'>nullitutis</span> <span class='ocrx_word' id='word_1_226' title='bbox 664 3191 753 3254; x_wconf 81' lang='lat' dir='ltr'>poena</span> <span class='ocrx_word' id='word_1_227' title='bbox 767 3176 797 3234; x_wconf 92' lang='lat' dir='ltr'>in</span> <span class='ocrx_word' id='word_1_228' title='bbox 818 3175 930 3236; x_wconf 85' lang='lat' dir='ltr'>eisdem</span> <span class='ocrx_word' id='word_1_229' title='bbox 945 3178 1056 3238; x_wconf 88' lang='lat' dir='ltr'>consti·</span> 
     </span>
     <span class='ocr_line' id='line_1_33' title="bbox 84 3260 1057 3343; baseline 0 -19"><span class='ocrx_word' id='word_1_230' title='bbox 84 3260 255 3324; x_wconf 85' lang='lat' dir='ltr'>tutionibus</span> <span class='ocrx_word' id='word_1_231' title='bbox 269 3263 287 3322; x_wconf 80' lang='grc'>9</span> <span class='ocrx_word' id='word_1_232' title='bbox 300 3261 377 3322; x_wconf 88' lang='lat' dir='ltr'>Sede</span> <span class='ocrx_word' id='word_1_233' title='bbox 389 3261 557 3342; x_wconf 76' lang='lat' dir='ltr'>Apostolictr</span> <span class='ocrx_word' id='word_1_234' title='bbox 571 3261 708 3341; x_wconf 82' lang='lat' dir='ltr'>specibcb</span> <span class='ocrx_word' id='word_1_235' title='bbox 722 3264 891 3343; x_wconf 80' lang='lat' dir='ltr'>approbatis</span> <span class='ocrx_word' id='word_1_236' title='bbox 906 3264 995 3324; x_wconf 81' lang='lat' dir='ltr'>luerit</span> <span class='ocrx_word' id='word_1_237' title='bbox 1007 3264 1057 3324; x_wconf 83' lang='lat' dir='ltr'>ad·</span> 
     </span>
     <span class='ocr_line' id='line_1_34' title="bbox 85 3349 1057 3433; baseline 0.002 -21"><span class='ocrx_word' id='word_1_238' title='bbox 85 3352 175 3433; x_wconf 81' lang='lat' dir='ltr'>jectu.</span> <span class='ocrx_word' id='word_1_239' title='bbox 201 3349 355 3430; x_wconf 81' lang='lat' dir='ltr'>Colligitur</span> <span class='ocrx_word' id='word_1_240' title='bbox 375 3368 409 3412; x_wconf 83' lang='lat' dir='ltr'>ex</span> <span class='ocrx_word' id='word_1_241' title='bbox 440 3351 572 3411; x_wconf 78' lang='lat' dir='ltr'>Decretis</span> <span class='ocrx_word' id='word_1_242' title='bbox 586 3352 617 3411; x_wconf 86' lang='lat' dir='ltr'>S.</span> <span class='ocrx_word' id='word_1_243' title='bbox 640 3352 749 3428; x_wconf 72' lang='lat' dir='ltr'>congr.</span> <span class='ocrx_word' id='word_1_244' title='bbox 774 3353 858 3428; x_wconf 76' lang='lat' dir='ltr'>(Vide</span> <span class='ocrx_word' id='word_1_245' title='bbox 881 3353 993 3428; x_wconf 83' lang='lat' dir='ltr'>ltouix,</span> <span class='ocrx_word' id='word_1_246' title='bbox 1014 3353 1057 3414; x_wconf 81' lang='lat' dir='ltr'>Ile</span> 
     </span>
     <span class='ocr_line' id='line_1_35' title="bbox 90 3437 576 3520; baseline -0.006 -18"><span class='ocrx_word' id='word_1_247' title='bbox 90 3437 210 3520; x_wconf 67' lang='lat' dir='ltr'>decet,</span> <span class='ocrx_word' id='word_1_248' title='bbox 227 3443 301 3500; x_wconf 84' lang='lat' dir='ltr'>tom.</span> <span class='ocrx_word' id='word_1_249' title='bbox 319 3443 333 3501; x_wconf 91' lang='lat' dir='ltr'>l</span> <span class='ocrx_word' id='word_1_250' title='bbox 348 3486 356 3518; x_wconf 84' lang='lat'><strong><em>,</em></strong></span> <span class='ocrx_word' id='word_1_251' title='bbox 372 3456 402 3520; x_wconf 88' lang='lat' dir='ltr'>p.</span> <span class='ocrx_word' id='word_1_252' title='bbox 418 3441 576 3520; x_wconf 83' lang='grc'><strong>609-611.)</strong></span> 
     </span>
    </p>
   </div>
   <div class='ocr_carea' id='block_1_5' title="bbox 0 0 1292 3992">
    <p class='ocr_par' dir='ltr' id='par_1_10' title="bbox 0 0 1292 3992">
     <span class='ocr_line' id='line_1_36' title="bbox 0 0 1292 3992; baseline 0 0"><span class='ocrx_word' id='word_1_253' title='bbox 0 0 1292 3992; x_wconf 95' lang='lat' dir='ltr'> </span> 
     </span>
    </p>
   </div>
  </div>
 </body>
</html>
