2522 4028
208 133 266 196 tlt
416 151 553 198 annuam
573 151 674 197 rorrus
693 149 775 196 rums
796 146 943 198 canourcr.

198 279 212 312 a
238 257 353 324 rentur,
368 251 431 330 jam
452 270 522 314 oum
541 252 584 313 eis
597 249 789 326 babitabant;
811 249 856 311 vel
872 250 895 310 si
910 248 963 310 lilii
981 267 1089 313 eorum
1109 250 1176 330 jam
1246 244 1247 247 ’

197 363 212 401 ι
237 341 381 404 ordinatis
390 341 582 424 parentibus,
598 358 708 404 uxores
722 337 911 421 acciperent3
926 345 979 401 aut
998 340 1093 402 servis
1111 359 1177 403 non

198 451 213 490 a
236 429 416 493 habentibus
430 430 460 492 in
474 430 566 492 domo
579 446 655 510 quas
664 427 786 506 ducant,
803 427 924 490 aliunde
939 426 1051 492 ducere
1062 447 1176 494 neces-

198 541 213 580 »
237 520 308 581 silas
321 518 421 582 luerit.
437 541 453 578 a

237 611 326 672 9093.
349 608 482 672 Praelata
503 605 631 670 licentias
653 611 798 670 revocate
821 605 930 683 luere,
955 607 1047 670 etiam
1071 609 1179 690 quoad

199 705 325 759 matrem
344 705 373 759 et
392 715 526 760 sororem
541 699 557 758 9
574 695 663 758 variis
678 695 817 757 Conciliis
831 694 1076 776 particularibus,
1093 696 1180 778 apud
1246 774 1247 777 Ἴ

198 787 312 848 Bened.
329 789 393 849 XIV
408 785 507 847 relatis
521 785 575 862 (De
588 784 678 866 Syre,
691 783 741 844 lib.
760 789 808 854 lt,
823 802 889 864 cap.
905 787 990 860 l‚n⁰
1003 788 1043 863 6),
1062 803 1180 868 nempe

200 875 413 954 Foroiuliensi,
437 891 519 936 anno
541 877 616 950 791,
641 873 817 952 llloguntino
836 875 911 950 888,
935 879 992 934 etc.
1018 875 1079 936 Scd
1098 875 1182 937 hanc

200 983 307 1026 noram
321 961 510 1038 disciplinam
522 962 589 1044 plus
602 980 689 1042 aequo
699 961 825 1041 rigidam
840 963 993 1024 aestimans
1004 965 1114 1027 lnnoc.
1128 967 1177 1038 ΠΙ,

199 1055 352 1116 Nicaenam
367 1051 494 1114 resoluit
516 1051 563 1112 his
581 1051 680 1112 verbis
696 1071 703 1111 :
725 1072 739 1108 n
753 1049 827 1112 Cum
841 1050 957 1113 clericis
972 1070 1099 1132 quoque
1115 1071 1180 1116 non

200 1163 214 1202 a
239 1142 394 1224 permittas
411 1140 604 1204 mulierculas
626 1139 780 1214 habitare,
802 1139 858 1201 nisi
879 1139 955 1202 forte
972 1139 1010 1200 de
1029 1141 1091 1204 illis
1113 1161 1181 1224 per-

199 1253 215 1291 a
239 1229 321 1292 sonis
337 1230 482 1306 existant,
499 1229 529 1291 io
550 1228 660 1310 quibus
675 1227 808 1290 naturale
825 1222 922 1290 loslus
942 1227 1014 1288 nihil
1030 1231 1182 1309 permittit

200 1343 215 1382 a
240 1321 307 1383 saevi
321 1319 456 1384 criminis
468 1318 623 1400 suspicari.
640 1339 655 1376 n
675 1318 761 1398 (Cap.
786 1319 813 1379 A
834 1315 916 1378 nobis
934 1321 970 1394 9,
991 1317 1026 1378 da
1044 1319 1178 1382 moabia

201 1409 270 1472 cler.
287 1417 315 1472 et
327 1408 460 1490 molier.)
470 1409 601 1471 -Hanc
613 1405 780 1468 Innocentii
790 1407 830 1468 ΠΙ
843 1406 1029 1469 Decretalcm
1040 1427 1100 1488 pro
1113 1409 1181 1491 lege

201 1499 359 1562 universali
373 1496 544 1560 habendam
558 1502 662 1560 tenent
676 1496 738 1556 DD.
763 1495 983 1572 communiter,
1005 1497 1049 1558 uti
1070 1499 1182 1560 asserit

202 1589 238 1649 D.
257 1589 369 1663 Bouix,
387 1588 429 1651 De
443 1583 576 1652 Peracto
599 1588 683 1663 (tom.
699 1587 729 1657 9,
746 1603 777 1666 p.
794 1587 875 1662 608).
887 1583 1070 1665 Undejuxta
1085 1605 1181 1652 eum-

200 1675 271 1740 dem
285 1675 486 1740 communiter
500 1675 625 1736 dieitur:

241 1770 329 1828 9094.
346 1801 384 1812 -
400 1768 431 1826 l⁰
450 1763 563 1826 clerico
576 1763 691 1825 licitum
705 1779 785 1838 esse,
809 1763 985 1844 regulariter
999 1763 1178 1846 loquendo,

202 1851 334 1916 habitere
349 1872 420 1915 cum
431 1851 551 1913 leminis
561 1851 616 1912 sibi
626 1852 657 1913 in
674 1856 704 1914 l⁰
714 1859 743 1912 et
753 1854 783 1912 2⁰
798 1852 1065 1934 consanguinitatis
1078 1856 1179 1936 gradu

201 1941 388 2019 conjunctis,
415 1958 525 2022 nempe
550 1958 621 2002 cum
641 1947 747 2017 matre,
768 1939 850 2018 avia,
875 1941 981 2015 aurita,
996 1949 1177 2016 matertera,

202 2049 318 2102 sorore,
335 2037 435 2111 nepte.

241 2126 271 2182 9ο
288 2120 369 2182 ldem
383 2118 547 2182 dicendum
561 2125 605 2182 est
618 2119 655 2181 de
670 2119 888 2182 cohabitatione
902 2138 973 2183 oum
987 2121 1133 2188 affinibus
1146 2125 1177 2188 iu

202 2210 300 2290 primo
315 2207 427 2288 gradu,
444 2207 582 2270 videlicet
598 2226 669 2270 cum
689 2213 833 2287 noverca,
858 2227 938 2272 nuru
961 2217 991 2272 et
1004 2229 1100 2274 uxore
1116 2213 1177 2276 lra-

202 2298 255 2360 lris
277 2295 429 2374 defuncti,
449 2297 572 2379 insuper
598 2315 668 2359 cum
691 2295 830 2360 affinibus
849 2299 882 2360 in
905 2300 1039 2362 secundo
1059 2303 1174 2382 gradu,

202 2386 324 2468 quando
338 2385 412 2448 alter
431 2385 515 2448 alteri
534 2387 732 2448 reverentiam
749 2385 856 2465 debet,
880 2406 908 2448 r.
932 2408 974 2469 g,
994 2407 1065 2452 cum
1080 2409 1177 2454 uxore

202 2475 319 2558 patrui,
345 2475 391 2536 rel
412 2475 551 2538 avunculi
575 2474 723 2551 defuncti,
745 2481 802 2538 etc.
830 2493 838 2536 :
861 2477 937 2538 ratio
958 2484 1003 2540 est
1024 2478 1096 2558 quia
1116 2481 1175 2544 illae

202 2583 308 2627 omnes
331 2571 401 2626 sunt
423 2583 558 2645 personae
581 2565 612 2625 in
635 2564 760 2644 quibus,
789 2573 879 2645 prout
904 2565 967 2628 rult
986 2569 1091 2632 Innoc.
1116 2571 1173 2648 111,

203 2653 337 2716 naturale
345 2653 438 2735 [radus
451 2653 531 2714 nihil
540 2653 694 2734 permittit
703 2654 774 2715 arcui
786 2653 920 2716 criminis
933 2655 1090 2736 suspicari.

241 2747 330 2806 9095.
345 2777 379 2788 -
393 2746 425 2804 3⁰
440 2741 565 2814 Quando
583 2741 710 2804 clericus
720 2741 797 2804 licite
811 2741 924 2805 habitat
937 2762 1007 2806 cum
1023 2747 1174 2826 praedictis

203 2832 257 2895 sibi
272 2831 453 2912 conjunctis,
478 2831 568 2892 etiam
587 2829 642 2912 ipsi
664 2829 731 2893 licet
754 2829 886 2894 habitare
909 2851 980 2895 cum
996 2835 1171 2898 earumdem

202 2921 352 2983 ancilliset
363 2919 585 3000 pedissequis...
600 2918 817 3000 :permittendo
825 2920 908 2982 enim
918 2921 1170 2986 cohabitationem

203 3029 273 3073 cum
288 3007 457 3090 prioribu5‚
473 3027 604 3070 canones
617 3009 707 3070 etiam
720 3025 790 3072 cum
805 3009 1019 3089 posterioribus
1031 3011 1171 3076 eamdem

202 3099 373 3181 permittere
399 3095 524 3167 debent,
547 3098 619 3159 cbm
636 3097 750 3177 priores
768 3097 983 3177 posterioribus
1004 3099 1167 3180 indigeant.

202 3189 244 3250 lla
258 3183 522 3266 Schmalzgrueher
540 3187 558 3247 a
578 3187 615 3248 D.
631 3185 727 3248 Bouix
746 3187 853 3248 citatus
867 3186 922 3266 (De
939 3185 1073 3252 Porrecto
1089 3235 1098 3268 ,
1113 3189 1166 3263 ih..

203 3297 330 3427 ρ9090.
354 3363 462 3426 Omnia
481 3363 547 3427 haec
569 3363 762 3446 intelligenda
789 3371 860 3427 sunt
881 3383 1001 3447 semper
1022 3384 1094 3428 cum
1113 3365 1167 3430 hle

203 3453 378 3516 limitatione
401 3453 484 3536 qudd
513 3472 575 3516 non
606 3453 684 3514 adsit
710 3454 879 3534 periculum
908 3454 954 3517 vel
981 3455 1163 3518 scandalum.

206 3541 443 3606 «lahlhendun
456 3549 520 3622 est,
543 3541 585 3603 ait
605 3557 672 3622 cap.
695 3539 897 3622 Inhibcndum,
913 3541 948 3605 de
965 3542 1090 3606 colabit.
1110 3543 1164 3608 cle·
