2522 3992
179 224 238 288 aas
391 226 527 273 nanuum
546 227 648 276 sonus
668 231 751 280 rums
770 197 919 284 canumet.
1026 211 1037 224 '

648 390 659 452 Ι

341 549 541 598 nattotosontnt
560 547 749 594 Dimmidi!
767 547 974 598 abutentium

184 685 188 696 '
217 687 1166 776 2568.-l·'lleligi0sitidispersiduranteipsorumdispersio·

182 779 1164 856 nerotissuisobstrictiremanent:itaconrnruniterbll.,eteons

181 877 223 934 lat
240 871 321 932 ltreri
338 870 380 932 Pii
391 871 427 930 ttt
442 867 480 930 ad
498 867 697 929 Brunensium
711 867 894 948 Episcopum
908 867 959 929 ubi
976 871 1163 950 loquensde

181 958 361 1040 quibusdam
380 955 601 1030 carthusianis,
617 963 788 1038 teumorum
802 955 971 1018 calamitate
991 957 1160 1040 dispersis,

180 1048 222 1108 ait
237 1067 244 1108 :
263 1047 423 1127 nouisque
436 1043 526 1106 debet
539 1047 647 1106 versari
664 1045 841 1114 insaecula,
857 1062 975 1108 memor
988 1049 1166 1113 vocationis

180 1158 196 1196 ι
220 1153 301 1214 suae,
316 1138 441 1216 ejusque
459 1141 547 1195 anax
566 1133 732 1216 disciplinae
751 1142 780 1196 et
798 1135 866 1197 vitae
884 1134 1032 1216 regularis
1049 1139 1104 1200 cui
1127 1157 1165 1202 ss·

180 1245 197 1284 ι
221 1224 337 1308 pridem
356 1222 561 1306 adscripserit,
578 1229 647 1284 uota
669 1223 815 1286 solemnia
833 1242 903 1305 quae
921 1243 1036 1307 sempev*
1051 1226 1162 1308 finan,

181 1337 195 1371 a
220 1332 387 1397 santrperque
408 1313 527 1374 immoto
546 1311 778 1394 permanebunt,
793 1311 944 1375 custodial
964 1321 995 1376 et
1012 1323 1158 1380 servm·

184 1405 268 1485 opud
286 1403 395 1474 ltouix,
409 1403 451 1464 De
466 1401 622 1482 Regulam,
637 1407 659 1463 t.
677 1405 705 1472 l,
722 1420 753 1482 p.
769 1404 839 1462 tutu.

219 1497 309 1556 estio.
328 1495 400 1555 item
416 1491 447 1554 in
462 1509 517 1553 suo
532 1489 638 1552 robore
652 1507 829 1573 permanere
841 1489 989 1554 solemnio
1002 1497 1072 1555 vota
1084 1495 1160 1557 reli·
1229 1487 1230 1492 ’

181 1581 335 1664 ginsorum
351 1598 484 1664 quorum
500 1579 580 1640 Ordo
598 1579 813 1659 supprimitur,
826 1586 872 1641 est
886 1581 1012 1642 omnino
1029 1589 1117 1644 certa
1131 1591 1160 1646 et

181 1673 311 1734 terrenda
326 1669 591 1733 [insanientium
605 1667 704 1729 saliam
719 1669 763 1730 eis
773 1667 965 1749 permittitur,
975 1669 1158 1752 inquitCar-

181 1782 197 1820 a
221 1761 285 1822 din.
302 1764 346 1822 lie
358 1760 448 1830 Luca,
463 1756 726 1819 rivereinsrroulo
740 1755 814 1818 etin
830 1755 932 1819 babitu
947 1758 1048 1820 clerici
1062 1777 1161 1824 saecu·

180 1871 196 1908 a
221 1849 310 1922 laris,
326 1849 384 1910 sub
397 1845 566 1908 obedientia
581 1844 741 1908 Ordinarii.
756 1867 772 1904 u
789 1846 907 1924 (llouix,
924 1846 977 1926 il.)

219 1941 308 2000 2570.
325 1943 357 1998 u·
373 1936 482 2015 Nequit
498 1934 661 2016 Episcopus
674 1933 824 2016 ‹lispersos
838 1935 992 2014 regulares
1005 1955 1070 2000 suae
1083 1937 1161 2003 dire⁴

181 2027 277 2103 cesis,
303 2041 433 2106 quorum
460 2022 630 2085 lnstitutum
654 2031 701 2085 est
726 2021 924 2104 approbatum
948 2027 965 2086 lt
993 2027 1024 2088 S.
1055 2027 1158 2104 Sede,

181 2115 313 2176 eximere
331 2115 348 2175 ir
371 2111 434 2175 suis
458 2111 643 2191 regularibus
660 2111 893 2193 obligationibus
911 2121 942 2175 et
959 2113 1159 2182 observantiis

181 2221 251 2267 curn
267 2210 343 2264 statu
357 2201 552 2283 dispersionis
565 2201 825 2282 compatibibbus3
836 2201 889 2263 sed
904 2203 967 2264 sola
980 2207 1159 2270 auctoritate

182 2291 335 2376 pontificia
353 2298 406 2353 aut
425 2290 529 2352 morali
549 2289 785 2371 impossibilitate
799 2290 889 2352 eximi
912 2301 1057 2374 possunt:
1080 2298 1159 2361 ratio

183 2389 263 2464 patet
275 2389 303 2443 ct
317 2379 397 2442 clarui
412 2379 547 2442 innuitur
561 2378 592 2441 in
609 2377 693 2440 iberi
708 2377 751 2440 Pii
766 2378 904 2442 Vlmodd
917 2380 1018 2444 citato.
1031 2383 1157 2465 (Bouix,

183 2470 237 2544 ila,
253 2491 283 2553 p.
299 2475 370 2546 tat,
386 2469 471 2546 3l8.)

221 2564 355 2624 aatt.-
366 2562 398 2621 3ῠ
414 2557 577 2640 llegulares
589 2555 714 2637 dispersi
730 2559 771 2635 (at
785 2555 864 2620 idem
879 2563 923 2620 est
937 2557 1102 2625 dicendum
1116 2565 1157 2629 de

182 2652 302 2731 ejectis,
327 2656 357 2712 et
379 2648 418 2710 dc
441 2665 513 2710 casu
537 2645 757 2731 suppressionis
783 2645 913 2725 Ordinis)
935 2657 1003 2710 roto
1027 2651 1156 2716 solemni

182 2738 364 2822 paupertatis
389 2737 428 2799 ita
443 2735 694 2818 obstringuntur,
709 2743 742 2796 ut
762 2735 888 2797 omnino
905 2748 1082 2802 remaneant
1099 2742 1155 2805 do·

182 2828 266 2891 nriaii
282 2832 438 2908 incapaces
455 2845 463 2888 ι
480 2825 536 2888 boo
554 2824 688 2906 sequitur
703 2841 741 2886 ex
754 2823 841 2886 dictis
859 2841 950 2906 supra
965 2826 995 2888 in
1017 2831 1066 2904 l·;
1084 2849 1154 2893 narn

181 2918 212 2980 in
226 2937 281 2979 suo
298 2915 405 2978 robore
419 2931 596 2996 prrrnanere
618 2930 680 2975 non
701 2921 799 2995 potest
812 2921 916 2975 rutum
930 2915 1066 2980 solemne
1080 2921 1154 3000 puin

181 3023 219 3069 eo
232 3006 296 3088 ipso
309 3005 435 3067 onrninb
448 3005 573 3096 incapax
593 3001 720 3064 dominii
734 3002 770 3064 sil
783 3003 834 3083 qui
849 3002 908 3064 tale
924 3011 1029 3067 uotum
1043 3009 1152 3072 emisit.

220 3108 310 3167 asta.
329 3108 486 3172 attamen,
502 3118 563 3162 non
582 3099 718 3162 obstante
736 3098 908 3180 huiusmodi
923 3110 1012 3180 voto,
1028 3114 1155 3185 posunt

182 3195 334 3274 regulares
348 3189 473 3271 dispcrsi
490 3187 569 3250 licitb
583 3195 613 3249 et
627 3189 721 3250 aalide
736 3207 784 3251 res
799 3189 854 3252 sibi
877 3189 964 3252 utiles
980 3201 1032 3255 aut
1049 3212 1152 3258 neces·

182 3284 274 3347 sarias
287 3289 360 3356 (non
375 3280 446 3340 verb
456 3277 657 3359 voluptuarias
670 3285 721 3340 aut
731 3295 786 3341 suo
799 3277 887 3340 statui
903 3279 1043 3361 religioso
1053 3282 1153 3346 incon·-

182 3373 282 3452 gruasl
302 3383 498 3448 comparare,
519 3365 677 3446 pecuniam
700 3367 780 3447 apud
803 3383 835 3428 se
857 3365 988 3441 babere,
1007 3375 1037 3432 et
1057 3374 1152 3436 runos

182 3457 361 3536 arrrptronis,
394 3454 573 3516 venditionis
603 3461 634 3514 et
664 3452 834 3516 donationis
860 3463 1033 3520 contractus
1064 3460 1148 3526 inira.

184 3545 252 3605 Hae
266 3543 459 3605 enimomnia
474 3547 599 3624 possunt
609 3559 752 3622 peragere
762 3544 890 3624 religiosi
906 3553 942 3607 ex
958 3545 1151 3614 praelatorum

184 3630 302 3692 mutu
314 3637 345 3694 et
361 3630 555 3712 deputatione
566 3649 576 3706 ·,
587 3631 677 3710 porro
695 3629 726 3690 in
744 3649 817 3693 casu
836 3629 1030 3712 dispersionis
1044 3639 1149 3701 merito
