<?xml version="1.0" encoding="UTF-8"?>
<!DOCTYPE html PUBLIC "-//W3C//DTD XHTML 1.0 Transitional//EN"
    "http://www.w3.org/TR/xhtml1/DTD/xhtml1-transitional.dtd">
<html xmlns="http://www.w3.org/1999/xhtml" xml:lang="en" lang="en">
 <head>
  <title>
</title>
<meta http-equiv="Content-Type" content="text/html;charset=utf-8" />
  <meta name='ocr-system' content='tesseract 3.04.00' />
  <meta name='ocr-capabilities' content='ocr_page ocr_carea ocr_par ocr_line ocrx_word'/>
</head>
<body>
  <div class='ocr_page' id='page_1' title='image "./manualetotiusju01craigoog_0450.png"; bbox 0 0 2522 3992; ppageno 0'>
   <div class='ocr_carea' id='block_1_1' title="bbox 469 337 1067 400">
    <p class='ocr_par' dir='ltr' id='par_1_1' title="bbox 469 337 1067 400">
     <span class='ocr_line' id='line_1_1' title="bbox 469 337 1067 400; baseline 0.012 -7"><span class='ocrx_word' id='word_1_1' title='bbox 469 348 553 394; x_wconf 78' lang='lat' dir='ltr'>rinna</span> <span class='ocrx_word' id='word_1_2' title='bbox 575 348 693 396; x_wconf 79' lang='lat' dir='ltr'>narnus.</span> <span class='ocrx_word' id='word_1_3' title='bbox 1013 337 1067 400; x_wconf 77' lang='lat' dir='ltr'>llt</span> 
     </span>
    </p>
   </div>
   <div class='ocr_carea' id='block_1_2' title="bbox 99 445 1073 888">
    <p class='ocr_par' dir='ltr' id='par_1_2' title="bbox 99 445 1073 888">
     <span class='ocr_line' id='line_1_2' title="bbox 101 445 1071 531; baseline 0.002 -20"><span class='ocrx_word' id='word_1_4' title='bbox 101 448 248 511; x_wconf 71' lang='lat' dir='ltr'>0d0mns</span> <span class='ocrx_word' id='word_1_5' title='bbox 280 445 424 526; x_wconf 85' lang='lat' dir='ltr'>regularis</span> <span class='ocrx_word' id='word_1_6' title='bbox 455 447 499 509; x_wconf 86' lang='lat' dir='ltr'>sic</span> <span class='ocrx_word' id='word_1_7' title='bbox 530 445 664 528; x_wconf 88' lang='lat' dir='ltr'>erigendi</span> <span class='ocrx_word' id='word_1_8' title='bbox 689 464 744 510; x_wconf 86' lang='lat' dir='ltr'>seu</span> <span class='ocrx_word' id='word_1_9' title='bbox 766 448 933 530; x_wconf 65' lang='lat' dir='ltr'>erigendo,</span> <span class='ocrx_word' id='word_1_10' title='bbox 958 449 1071 531; x_wconf 79' lang='lat' dir='ltr'><strong>absque</strong></span> 
     </span>
     <span class='ocr_line' id='line_1_3' title="bbox 99 537 1071 616; baseline 0.003 -16"><span class='ocrx_word' id='word_1_11' title='bbox 99 561 113 600; x_wconf 81' lang='lat' dir='ltr'>o</span> <span class='ocrx_word' id='word_1_12' title='bbox 137 539 319 602; x_wconf 88' lang='lat' dir='ltr'>detrimento</span> <span class='ocrx_word' id='word_1_13' title='bbox 339 539 569 616; x_wconf 81' lang='lat' dir='ltr'>religiosorum,</span> <span class='ocrx_word' id='word_1_14' title='bbox 594 537 624 597; x_wconf 89' lang='lat' dir='ltr'>in</span> <span class='ocrx_word' id='word_1_15' title='bbox 646 538 836 600; x_wconf 88' lang='lat' dir='ltr'>monasteriis</span> <span class='ocrx_word' id='word_1_16' title='bbox 855 557 909 601; x_wconf 90' lang='lat' dir='ltr'>seu</span> <span class='ocrx_word' id='word_1_17' title='bbox 931 538 1071 603; x_wconf 83' lang='lat' dir='ltr'>domibus</span> 
     </span>
     <span class='ocr_line' id='line_1_4' title="bbox 99 624 1071 706; baseline 0.001 -17"><span class='ocrx_word' id='word_1_18' title='bbox 99 651 114 689; x_wconf 79' lang='lat' dir='ltr'>n</span> <span class='ocrx_word' id='word_1_19' title='bbox 139 637 208 691; x_wconf 88' lang='lat' dir='ltr'>anlc</span> <span class='ocrx_word' id='word_1_20' title='bbox 229 629 311 690; x_wconf 84' lang='lat' dir='ltr'>im...</span> <span class='ocrx_word' id='word_1_21' title='bbox 340 626 412 688; x_wconf 86' lang='lat' dir='ltr'>loeis</span> <span class='ocrx_word' id='word_1_22' title='bbox 434 624 605 705; x_wconf 90' lang='lat' dir='ltr'>hujusmodi</span> <span class='ocrx_word' id='word_1_23' title='bbox 627 625 734 688; x_wconf 86' lang='lat' dir='ltr'>erectis</span> <span class='ocrx_word' id='word_1_24' title='bbox 760 626 954 706; x_wconf 81' lang='lat' dir='ltr'>degendum,</span> <span class='ocrx_word' id='word_1_25' title='bbox 977 627 1016 689; x_wconf 89' lang='lat' dir='ltr'>ibi</span> <span class='ocrx_word' id='word_1_26' title='bbox 1041 629 1071 690; x_wconf 90' lang='lat' dir='ltr'>in</span> 
     </span>
     <span class='ocr_line' id='line_1_5' title="bbox 99 713 1073 796; baseline 0.004 -20"><span class='ocrx_word' id='word_1_27' title='bbox 99 740 114 776; x_wconf 75' lang='lat' dir='ltr'>a</span> <span class='ocrx_word' id='word_1_28' title='bbox 140 736 268 780; x_wconf 89' lang='lat' dir='ltr'>numero</span> <span class='ocrx_word' id='word_1_29' title='bbox 287 714 448 779; x_wconf 86' lang='lat' dir='ltr'>duodecim</span> <span class='ocrx_word' id='word_1_30' title='bbox 468 713 631 778; x_wconf 75' lang='lat' dir='ltr'>commode</span> <span class='ocrx_word' id='word_1_31' title='bbox 645 721 676 776; x_wconf 89' lang='lat' dir='ltr'>et</span> <span class='ocrx_word' id='word_1_32' title='bbox 689 717 824 796; x_wconf 70' lang='lat' dir='ltr'>congrue</span> <span class='ocrx_word' id='word_1_33' title='bbox 838 717 1026 780; x_wconf 73' lang='lat' dir='ltr'><strong>manuteneri</strong></span> <span class='ocrx_word' id='word_1_34' title='bbox 1043 723 1073 780; x_wconf 89' lang='lat' dir='ltr'>et</span> 
     </span>
     <span class='ocr_line' id='line_1_6' title="bbox 100 807 331 888; baseline -0.009 -22"><span class='ocrx_word' id='word_1_35' title='bbox 100 829 115 866; x_wconf 84' lang='lat' dir='ltr'>o</span> <span class='ocrx_word' id='word_1_36' title='bbox 140 807 177 870; x_wconf 80' lang='lat' dir='ltr'>ali</span> <span class='ocrx_word' id='word_1_37' title='bbox 194 825 331 888; x_wconf 77' lang='lat' dir='ltr'>posse.»</span> 
     </span>
    </p>
   </div>
   <div class='ocr_carea' id='block_1_3' title="bbox 101 903 1073 1434">
    <p class='ocr_par' dir='ltr' id='par_1_3' title="bbox 101 903 1073 1434">
     <span class='ocr_line' id='line_1_7' title="bbox 141 903 1073 987; baseline -0.002 -17"><span class='ocrx_word' id='word_1_38' title='bbox 141 910 231 970; x_wconf 72' lang='lat'><strong>2550.</strong></span> <span class='ocrx_word' id='word_1_39' title='bbox 254 906 297 968; x_wconf 82' lang='lat' dir='ltr'>Ex</span> <span class='ocrx_word' id='word_1_40' title='bbox 316 903 363 967; x_wconf 88' lang='lat' dir='ltr'>his</span> <span class='ocrx_word' id='word_1_41' title='bbox 385 911 501 969; x_wconf 84' lang='lat' dir='ltr'>constat</span> <span class='ocrx_word' id='word_1_42' title='bbox 523 925 531 968; x_wconf 91' lang='lat'><strong>:</strong></span> <span class='ocrx_word' id='word_1_43' title='bbox 553 907 583 968; x_wconf 75' lang='lat' dir='ltr'>lt</span> <span class='ocrx_word' id='word_1_44' title='bbox 596 905 782 987; x_wconf 80' lang='lat' dir='ltr'>Episcopum</span> <span class='ocrx_word' id='word_1_45' title='bbox 800 923 888 987; x_wconf 87' lang='lat' dir='ltr'>posse</span> <span class='ocrx_word' id='word_1_46' title='bbox 907 905 1073 969; x_wconf 87' lang='lat' dir='ltr'>concedere</span> 
     </span>
     <span class='ocr_line' id='line_1_8' title="bbox 102 992 1073 1077; baseline -0.001 -19"><span class='ocrx_word' id='word_1_47' title='bbox 102 997 251 1060; x_wconf 89' lang='lat' dir='ltr'>licentiam</span> <span class='ocrx_word' id='word_1_48' title='bbox 278 995 412 1077; x_wconf 88' lang='lat' dir='ltr'>erigendi</span> <span class='ocrx_word' id='word_1_49' title='bbox 435 1011 546 1056; x_wconf 91' lang='lat' dir='ltr'>novum</span> <span class='ocrx_word' id='word_1_50' title='bbox 565 1001 773 1068; x_wconf 79' lang='lat' dir='ltr'>conventum,</span> <span class='ocrx_word' id='word_1_51' title='bbox 798 992 880 1058; x_wconf 90' lang='lat' dir='ltr'>haud</span> <span class='ocrx_word' id='word_1_52' title='bbox 897 995 1006 1057; x_wconf 81' lang='lat' dir='ltr'>uocatis</span> <span class='ocrx_word' id='word_1_53' title='bbox 1027 996 1073 1058; x_wconf 82' lang='lat' dir='ltr'>uel</span> 
     </span>
     <span class='ocr_line' id='line_1_9' title="bbox 101 1079 1071 1165; baseline -0.004 -16"><span class='ocrx_word' id='word_1_54' title='bbox 101 1085 210 1149; x_wconf 84' lang='lat' dir='ltr'>auditis</span> <span class='ocrx_word' id='word_1_55' title='bbox 230 1085 441 1165; x_wconf 76' lang='lat' dir='ltr'>Superioribus</span> <span class='ocrx_word' id='word_1_56' title='bbox 462 1083 508 1146; x_wconf 78' lang='lat' dir='ltr'>rel</span> <span class='ocrx_word' id='word_1_57' title='bbox 523 1083 777 1162; x_wconf 51' lang='lat' dir='ltr'>¹procuratoribus</span> <span class='ocrx_word' id='word_1_58' title='bbox 795 1079 921 1146; x_wconf 90' lang='lat' dir='ltr'>aliorum</span> <span class='ocrx_word' id='word_1_59' title='bbox 942 1101 1071 1146; x_wconf 88' lang='lat' dir='ltr'>conven-</span> 
     </span>
     <span class='ocr_line' id='line_1_10' title="bbox 101 1173 1072 1255; baseline -0.003 -17"><span class='ocrx_word' id='word_1_60' title='bbox 101 1181 198 1242; x_wconf 84' lang='lat' dir='ltr'>tuum.</span> <span class='ocrx_word' id='word_1_61' title='bbox 211 1176 235 1236; x_wconf 91' lang='lat' dir='ltr'>si</span> <span class='ocrx_word' id='word_1_62' title='bbox 250 1173 370 1236; x_wconf 78' lang='lat' dir='ltr'>aliunde</span> <span class='ocrx_word' id='word_1_63' title='bbox 383 1175 454 1236; x_wconf 87' lang='lat' dir='ltr'>satis</span> <span class='ocrx_word' id='word_1_64' title='bbox 469 1173 524 1255; x_wconf 90' lang='lat' dir='ltr'>ipsi</span> <span class='ocrx_word' id='word_1_65' title='bbox 540 1181 656 1236; x_wconf 85' lang='lat' dir='ltr'>constet</span> <span class='ocrx_word' id='word_1_66' title='bbox 672 1191 784 1236; x_wconf 92' lang='lat' dir='ltr'>novum</span> <span class='ocrx_word' id='word_1_67' title='bbox 799 1173 880 1236; x_wconf 89' lang='lat' dir='ltr'>bunc</span> <span class='ocrx_word' id='word_1_68' title='bbox 893 1181 1072 1236; x_wconf 83' lang='lat' dir='ltr'>comeatum</span> 
     </span>
     <span class='ocr_line' id='line_1_11' title="bbox 101 1261 1073 1344; baseline 0 -18"><span class='ocrx_word' id='word_1_69' title='bbox 101 1263 216 1344; x_wconf 80' lang='lat' dir='ltr'>absque</span> <span class='ocrx_word' id='word_1_70' title='bbox 230 1263 359 1325; x_wconf 88' lang='lat' dir='ltr'>aliorum</span> <span class='ocrx_word' id='word_1_71' title='bbox 373 1261 555 1326; x_wconf 85' lang='lat' dir='ltr'>detrimento</span> <span class='ocrx_word' id='word_1_72' title='bbox 569 1263 642 1342; x_wconf 86' lang='lat' dir='ltr'>erigi</span> <span class='ocrx_word' id='word_1_73' title='bbox 657 1281 755 1343; x_wconf 86' lang='lat' dir='ltr'>posse.</span> <span class='ocrx_word' id='word_1_74' title='bbox 771 1261 802 1324; x_wconf 92' lang='lat' dir='ltr'>ld</span> <span class='ocrx_word' id='word_1_75' title='bbox 817 1263 957 1344; x_wconf 79' lang='lat' dir='ltr'>expresse</span> <span class='ocrx_word' id='word_1_76' title='bbox 968 1281 1073 1326; x_wconf 82' lang='lat' dir='ltr'>conce</span> 
     </span>
     <span class='ocr_line' id='line_1_12' title="bbox 102 1351 903 1434; baseline -0.001 -20"><span class='ocrx_word' id='word_1_77' title='bbox 102 1352 147 1415; x_wconf 88' lang='lat' dir='ltr'>dil</span> <span class='ocrx_word' id='word_1_78' title='bbox 160 1355 285 1434; x_wconf 75' lang='lat' dir='ltr'>Gregor.</span> <span class='ocrx_word' id='word_1_79' title='bbox 298 1353 360 1422; x_wconf 89' lang='lat' dir='ltr'>XV,</span> <span class='ocrx_word' id='word_1_80' title='bbox 378 1351 408 1413; x_wconf 90' lang='lat' dir='ltr'>in</span> <span class='ocrx_word' id='word_1_81' title='bbox 425 1353 547 1434; x_wconf 77' lang='lat' dir='ltr'>praelata</span> <span class='ocrx_word' id='word_1_82' title='bbox 561 1351 716 1415; x_wconf 75' lang='lat' dir='ltr'>constitut.</span> <span class='ocrx_word' id='word_1_83' title='bbox 734 1352 806 1416; x_wconf 81' lang='lat' dir='ltr'>cum</span> <span class='ocrx_word' id='word_1_84' title='bbox 817 1352 903 1414; x_wconf 77' lang='lat' dir='ltr'>ulicis.</span> 
     </span>
    </p>
   </div>
   <div class='ocr_carea' id='block_1_4' title="bbox 103 1449 1148 3591">
    <p class='ocr_par' dir='ltr' id='par_1_4' title="bbox 103 1449 1075 2240">
     <span class='ocr_line' id='line_1_13' title="bbox 143 1449 1073 1532; baseline 0.002 -20"><span class='ocrx_word' id='word_1_85' title='bbox 143 1455 231 1512; x_wconf 67' lang='lat'><em>9551.</em></span> <span class='ocrx_word' id='word_1_86' title='bbox 249 1483 286 1496; x_wconf 93' lang='lat'><em>-</em></span> <span class='ocrx_word' id='word_1_87' title='bbox 300 1452 332 1512; x_wconf 75' lang='lat'>2⁰</span> <span class='ocrx_word' id='word_1_88' title='bbox 346 1451 376 1511; x_wconf 85' lang='lat' dir='ltr'>Si</span> <span class='ocrx_word' id='word_1_89' title='bbox 398 1449 456 1512; x_wconf 90' lang='lat' dir='ltr'>boc</span> <span class='ocrx_word' id='word_1_90' title='bbox 471 1450 619 1532; x_wconf 77' lang='lat' dir='ltr'>Episcopo</span> <span class='ocrx_word' id='word_1_91' title='bbox 639 1469 701 1512; x_wconf 91' lang='lat' dir='ltr'>non</span> <span class='ocrx_word' id='word_1_92' title='bbox 720 1455 850 1523; x_wconf 85' lang='lat' dir='ltr'>constet,</span> <span class='ocrx_word' id='word_1_93' title='bbox 866 1455 984 1513; x_wconf 86' lang='lat' dir='ltr'>tenetur</span> <span class='ocrx_word' id='word_1_94' title='bbox 997 1471 1073 1532; x_wconf 79' lang='lat' dir='ltr'>pree·</span> 
     </span>
     <span class='ocr_line' id='line_1_14' title="bbox 104 1539 1074 1620; baseline 0 -20"><span class='ocrx_word' id='word_1_95' title='bbox 104 1540 201 1600; x_wconf 87' lang='lat' dir='ltr'>dictos</span> <span class='ocrx_word' id='word_1_96' title='bbox 219 1539 395 1619; x_wconf 71' lang='lat' dir='ltr'>Superiores</span> <span class='ocrx_word' id='word_1_97' title='bbox 415 1546 468 1600; x_wconf 89' lang='lat' dir='ltr'>aut</span> <span class='ocrx_word' id='word_1_98' title='bbox 489 1541 719 1616; x_wconf 80' lang='lat' dir='ltr'>Procuratores,</span> <span class='ocrx_word' id='word_1_99' title='bbox 740 1540 817 1600; x_wconf 92' lang='lat' dir='ltr'>intra</span> <span class='ocrx_word' id='word_1_100' title='bbox 837 1546 965 1620; x_wconf 86' lang='lat' dir='ltr'>quatuor</span> <span class='ocrx_word' id='word_1_101' title='bbox 982 1539 1074 1601; x_wconf 89' lang='lat' dir='ltr'>millia</span> 
     </span>
     <span class='ocr_line' id='line_1_15' title="bbox 106 1626 1073 1708; baseline 0 -20"><span class='ocrx_word' id='word_1_102' title='bbox 106 1645 247 1708; x_wconf 77' lang='lat' dir='ltr'>passuum</span> <span class='ocrx_word' id='word_1_103' title='bbox 258 1635 407 1689; x_wconf 74' lang='lat' dir='ltr'>asstantes</span> <span class='ocrx_word' id='word_1_104' title='bbox 417 1631 426 1666; x_wconf 86' lang='lat'>¹</span> <span class='ocrx_word' id='word_1_105' title='bbox 438 1645 544 1689; x_wconf 84' lang='lat' dir='ltr'>vocare</span> <span class='ocrx_word' id='word_1_106' title='bbox 553 1635 582 1689; x_wconf 91' lang='lat' dir='ltr'>et</span> <span class='ocrx_word' id='word_1_107' title='bbox 595 1627 710 1704; x_wconf 85' lang='lat' dir='ltr'>audire,</span> <span class='ocrx_word' id='word_1_108' title='bbox 726 1633 755 1690; x_wconf 88' lang='lat' dir='ltr'>el</span> <span class='ocrx_word' id='word_1_109' title='bbox 769 1627 800 1688; x_wconf 92' lang='lat' dir='ltr'>in</span> <span class='ocrx_word' id='word_1_110' title='bbox 812 1626 871 1689; x_wconf 92' lang='lat' dir='ltr'>hoc</span> <span class='ocrx_word' id='word_1_111' title='bbox 883 1645 955 1690; x_wconf 88' lang='lat' dir='ltr'>casu</span> <span class='ocrx_word' id='word_1_112' title='bbox 969 1646 1073 1689; x_wconf 89' lang='lat' dir='ltr'>corum</span> 
     </span>
     <span class='ocr_line' id='line_1_16' title="bbox 104 1716 1073 1799; baseline 0.003 -24"><span class='ocrx_word' id='word_1_113' title='bbox 104 1733 269 1778; x_wconf 85' lang='lat' dir='ltr'>consensus</span> <span class='ocrx_word' id='word_1_114' title='bbox 293 1717 479 1778; x_wconf 82' lang='lat' dir='ltr'>necessarius</span> <span class='ocrx_word' id='word_1_115' title='bbox 497 1723 557 1792; x_wconf 83' lang='lat' dir='ltr'>ost3</span> <span class='ocrx_word' id='word_1_116' title='bbox 574 1716 625 1778; x_wconf 87' lang='lat' dir='ltr'>sed</span> <span class='ocrx_word' id='word_1_117' title='bbox 646 1716 756 1779; x_wconf 90' lang='lat' dir='ltr'>adhoc</span> <span class='ocrx_word' id='word_1_118' title='bbox 776 1734 838 1778; x_wconf 92' lang='lat' dir='ltr'>non</span> <span class='ocrx_word' id='word_1_119' title='bbox 856 1722 976 1778; x_wconf 90' lang='lat' dir='ltr'>tenetur</span> <span class='ocrx_word' id='word_1_120' title='bbox 988 1716 1073 1799; x_wconf 85' lang='lat' dir='ltr'>Epis-</span> 
     </span>
     <span class='ocr_line' id='line_1_17' title="bbox 103 1805 1075 1887; baseline 0.003 -23"><span class='ocrx_word' id='word_1_121' title='bbox 103 1821 198 1883; x_wconf 88' lang='lat' dir='ltr'>copus</span> <span class='ocrx_word' id='word_1_122' title='bbox 225 1822 279 1884; x_wconf 92' lang='lat' dir='ltr'>pro</span> <span class='ocrx_word' id='word_1_123' title='bbox 302 1805 499 1867; x_wconf 79' lang='lat' dir='ltr'>conuentibus</span> <span class='ocrx_word' id='word_1_124' title='bbox 523 1805 721 1880; x_wconf 88' lang='lat' dir='ltr'>monialium,</span> <span class='ocrx_word' id='word_1_125' title='bbox 745 1813 779 1868; x_wconf 86' lang='lat' dir='ltr'>ut</span> <span class='ocrx_word' id='word_1_126' title='bbox 804 1805 931 1887; x_wconf 89' lang='lat' dir='ltr'>probare</span> <span class='ocrx_word' id='word_1_127' title='bbox 958 1805 1075 1868; x_wconf 84' lang='lat' dir='ltr'>uidetur</span> 
     </span>
     <span class='ocr_line' id='line_1_18' title="bbox 104 1893 1075 1975; baseline 0.005 -22"><span class='ocrx_word' id='word_1_128' title='bbox 104 1893 204 1974; x_wconf 84' lang='lat' dir='ltr'>praxis</span> <span class='ocrx_word' id='word_1_129' title='bbox 229 1895 260 1954; x_wconf 82' lang='lat' dir='ltr'>S.</span> <span class='ocrx_word' id='word_1_130' title='bbox 283 1894 391 1972; x_wconf 88' lang='lat' dir='ltr'>Congr.</span> <span class='ocrx_word' id='word_1_131' title='bbox 417 1913 486 1975; x_wconf 85' lang='lat' dir='ltr'>quae</span> <span class='ocrx_word' id='word_1_132' title='bbox 509 1895 631 1956; x_wconf 85' lang='lat' dir='ltr'>Constit.</span> <span class='ocrx_word' id='word_1_133' title='bbox 654 1893 838 1975; x_wconf 72' lang='lat' dir='ltr'>Apostolicas</span> <span class='ocrx_word' id='word_1_134' title='bbox 860 1893 951 1956; x_wconf 91' lang='lat' dir='ltr'>modd</span> <span class='ocrx_word' id='word_1_135' title='bbox 969 1895 1075 1958; x_wconf 88' lang='lat' dir='ltr'>relatas</span> 
     </span>
     <span class='ocr_line' id='line_1_19' title="bbox 103 1981 1075 2064; baseline 0.002 -20"><span class='ocrx_word' id='word_1_136' title='bbox 103 1981 286 2044; x_wconf 81' lang='lat' dir='ltr'>monialibus</span> <span class='ocrx_word' id='word_1_137' title='bbox 301 2001 362 2044; x_wconf 93' lang='lat' dir='ltr'>non</span> <span class='ocrx_word' id='word_1_138' title='bbox 377 1983 525 2064; x_wconf 86' lang='lat' dir='ltr'>applicat,</span> <span class='ocrx_word' id='word_1_139' title='bbox 547 1983 629 2061; x_wconf 87' lang='lat' dir='ltr'>juxta</span> <span class='ocrx_word' id='word_1_140' title='bbox 653 1983 820 2054; x_wconf 79' lang='lat' dir='ltr'>Monacelli</span> <span class='ocrx_word' id='word_1_141' title='bbox 837 2001 886 2064; x_wconf 86' lang='lat' dir='ltr'>ap.</span> <span class='ocrx_word' id='word_1_142' title='bbox 904 1982 1016 2063; x_wconf 83' lang='lat' dir='ltr'>Bouix,</span> <span class='ocrx_word' id='word_1_143' title='bbox 1032 1985 1075 2046; x_wconf 86' lang='lat' dir='ltr'>Ile</span> 
     </span>
     <span class='ocr_line' id='line_1_20' title="bbox 103 2070 1075 2154; baseline 0.003 -22"><span class='ocrx_word' id='word_1_144' title='bbox 103 2070 261 2148; x_wconf 61' lang='lat' dir='ltr'>negeina,</span> <span class='ocrx_word' id='word_1_145' title='bbox 277 2079 298 2133; x_wconf 88' lang='lat' dir='ltr'>t.</span> <span class='ocrx_word' id='word_1_146' title='bbox 317 2075 345 2148; x_wconf 83' lang='lat' dir='ltr'>l,</span> <span class='ocrx_word' id='word_1_147' title='bbox 361 2091 392 2152; x_wconf 90' lang='lat' dir='ltr'>p.</span> <span class='ocrx_word' id='word_1_148' title='bbox 408 2070 706 2134; x_wconf 76' lang='lat' dir='ltr'>ana-contradicit</span> <span class='ocrx_word' id='word_1_149' title='bbox 718 2079 819 2134; x_wconf 89' lang='lat' dir='ltr'>tamen</span> <span class='ocrx_word' id='word_1_150' title='bbox 834 2073 865 2134; x_wconf 90' lang='lat' dir='ltr'>S.</span> <span class='ocrx_word' id='word_1_151' title='bbox 881 2072 1014 2154; x_wconf 83' lang='lat' dir='ltr'>Lignor.,</span> <span class='ocrx_word' id='word_1_152' title='bbox 1032 2074 1075 2135; x_wconf 82' lang='lat' dir='ltr'>lle</span> 
     </span>
     <span class='ocr_line' id='line_1_21' title="bbox 103 2159 542 2240; baseline 0.002 -19"><span class='ocrx_word' id='word_1_153' title='bbox 103 2159 294 2240; x_wconf 78' lang='lat' dir='ltr'>Priuilepiis‚</span> <span class='ocrx_word' id='word_1_154' title='bbox 312 2169 344 2222; x_wconf 75' lang='lat' dir='ltr'>nl</span> <span class='ocrx_word' id='word_1_155' title='bbox 359 2163 408 2224; x_wconf 80' lang='lat'>88.</span> <span class='ocrx_word' id='word_1_156' title='bbox 425 2160 455 2222; x_wconf 93' lang='lat' dir='ltr'>in</span> <span class='ocrx_word' id='word_1_157' title='bbox 471 2159 542 2222; x_wconf 84' lang='lat' dir='ltr'>dne.</span> 
     </span>
    </p>

    <p class='ocr_par' dir='ltr' id='par_1_5' title="bbox 104 2256 1148 3205">
     <span class='ocr_line' id='line_1_22' title="bbox 145 2256 1076 2343; baseline 0.006 -25"><span class='ocrx_word' id='word_1_158' title='bbox 145 2259 235 2319; x_wconf 68' lang='lat'>2552.</span> <span class='ocrx_word' id='word_1_159' title='bbox 252 2256 351 2321; x_wconf 72' lang='lat' dir='ltr'>«Si...</span> <span class='ocrx_word' id='word_1_160' title='bbox 363 2257 436 2320; x_wconf 91' lang='lat' dir='ltr'>nulli</span> <span class='ocrx_word' id='word_1_161' title='bbox 446 2257 494 2320; x_wconf 92' lang='lat' dir='ltr'>alii</span> <span class='ocrx_word' id='word_1_162' title='bbox 508 2259 660 2338; x_wconf 74' lang='lat' dir='ltr'>regulares</span> <span class='ocrx_word' id='word_1_163' title='bbox 674 2260 746 2322; x_wconf 91' lang='lat' dir='ltr'>inibi</span> <span class='ocrx_word' id='word_1_164' title='bbox 765 2261 961 2343; x_wconf 75' lang='lat' dir='ltr'>reperiantur,</span> <span class='ocrx_word' id='word_1_165' title='bbox 978 2261 1076 2342; x_wconf 87' lang='lat' dir='ltr'>inquil</span> 
     </span>
     <span class='ocr_line' id='line_1_23' title="bbox 105 2346 1073 2428; baseline 0.009 -24"><span class='ocrx_word' id='word_1_166' title='bbox 105 2367 120 2404; x_wconf 80' lang='lat' dir='ltr'>n</span> <span class='ocrx_word' id='word_1_167' title='bbox 146 2346 308 2426; x_wconf 77' lang='lat' dir='ltr'>Gregorius</span> <span class='ocrx_word' id='word_1_168' title='bbox 328 2349 380 2409; x_wconf 86' lang='lat' dir='ltr'>XV</span> <span class='ocrx_word' id='word_1_169' title='bbox 408 2347 439 2409; x_wconf 90' lang='lat' dir='ltr'>in</span> <span class='ocrx_word' id='word_1_170' title='bbox 468 2347 648 2428; x_wconf 80' lang='lat' dir='ltr'>praelaudala</span> <span class='ocrx_word' id='word_1_171' title='bbox 672 2350 899 2427; x_wconf 88' lang='lat' dir='ltr'>constitutione,</span> <span class='ocrx_word' id='word_1_172' title='bbox 927 2348 1073 2412; x_wconf 90' lang='lat' dir='ltr'>Ordinarii</span> 
     </span>
     <span class='ocr_line' id='line_1_24' title="bbox 106 2433 1075 2518; baseline 0.01 -26"><span class='ocrx_word' id='word_1_173' title='bbox 106 2456 120 2492; x_wconf 81' lang='lat' dir='ltr'>o</span> <span class='ocrx_word' id='word_1_174' title='bbox 146 2433 283 2498; x_wconf 81' lang='lat' dir='ltr'>locorum</span> <span class='ocrx_word' id='word_1_175' title='bbox 306 2435 503 2498; x_wconf 87' lang='lat' dir='ltr'>nibilominus</span> <span class='ocrx_word' id='word_1_176' title='bbox 519 2435 678 2516; x_wconf 77' lang='lat' dir='ltr'>diiigenter</span> <span class='ocrx_word' id='word_1_177' title='bbox 698 2438 849 2518; x_wconf 84' lang='lat' dir='ltr'>inquirant</span> <span class='ocrx_word' id='word_1_178' title='bbox 877 2455 916 2500; x_wconf 91' lang='lat' dir='ltr'>an</span> <span class='ocrx_word' id='word_1_179' title='bbox 940 2438 1075 2502; x_wconf 87' lang='lat' dir='ltr'>locorum</span> 
     </span>
     <span class='ocr_line' id='line_1_25' title="bbox 104 2522 1148 2606; baseline 0.007 -24"><span class='ocrx_word' id='word_1_180' title='bbox 104 2545 121 2580; x_wconf 82' lang='lat' dir='ltr'>o</span> <span class='ocrx_word' id='word_1_181' title='bbox 148 2522 272 2600; x_wconf 75' lang='lat' dir='ltr'>incolae,</span> <span class='ocrx_word' id='word_1_182' title='bbox 291 2543 420 2606; x_wconf 90' lang='lat' dir='ltr'>quorum</span> <span class='ocrx_word' id='word_1_183' title='bbox 445 2532 474 2586; x_wconf 87' lang='lat' dir='ltr'>et</span> <span class='ocrx_word' id='word_1_184' title='bbox 491 2544 653 2586; x_wconf 82' lang='lat' dir='ltr'>consensum</span> <span class='ocrx_word' id='word_1_185' title='bbox 672 2527 826 2605; x_wconf 82' lang='lat' dir='ltr'>requirant</span> <span class='ocrx_word' id='word_1_186' title='bbox 843 2545 878 2588; x_wconf 89' lang='lat' dir='ltr'>ac</span> <span class='ocrx_word' id='word_1_187' title='bbox 893 2525 1073 2604; x_wconf 84' lang='lat' dir='ltr'>adhibeant,</span> <span class='ocrx_word' id='word_1_188' title='bbox 1147 2597 1148 2600; x_wconf 8' lang='grc' dir='ltr'><strong>Ἴ</strong></span> 
     </span>
     <span class='ocr_line' id='line_1_26' title="bbox 109 2610 1076 2694; baseline 0.01 -26"><span class='ocrx_word' id='word_1_189' title='bbox 109 2633 124 2668; x_wconf 78' lang='lat' dir='ltr'>o</span> <span class='ocrx_word' id='word_1_190' title='bbox 148 2610 318 2688; x_wconf 79' lang='lat' dir='ltr'>huiusmodi</span> <span class='ocrx_word' id='word_1_191' title='bbox 335 2613 571 2694; x_wconf 75' lang='lat' dir='ltr'>lrlreligiosos..</span> <span class='ocrx_word' id='word_1_192' title='bbox 583 2614 743 2675; x_wconf 76' lang='lat' dir='ltr'>commode</span> <span class='ocrx_word' id='word_1_193' title='bbox 753 2615 833 2677; x_wconf 86' lang='lat' dir='ltr'>alere</span> <span class='ocrx_word' id='word_1_194' title='bbox 842 2623 872 2675; x_wconf 86' lang='lat' dir='ltr'>ct</span> <span class='ocrx_word' id='word_1_195' title='bbox 881 2621 1076 2678; x_wconf 84' lang='lat' dir='ltr'>manutenere</span> 
     </span>
     <span class='ocr_line' id='line_1_27' title="bbox 106 2700 1072 2784; baseline 0.008 -26"><span class='ocrx_word' id='word_1_196' title='bbox 106 2721 122 2758; x_wconf 81' lang='lat' dir='ltr'>n</span> <span class='ocrx_word' id='word_1_197' title='bbox 148 2700 1072 2784; x_wconf 82' lang='lat' dir='ltr'>valeant...irritumqueetinanequicquidsecus...conligeril</span> 
     </span>
     <span class='ocr_line' id='line_1_28' title="bbox 107 2790 1074 2874; baseline 0.01 -28"><span class='ocrx_word' id='word_1_198' title='bbox 107 2811 123 2846; x_wconf 78' lang='lat' dir='ltr'>n</span> <span class='ocrx_word' id='word_1_199' title='bbox 148 2791 283 2851; x_wconf 84' lang='lat' dir='ltr'>attentari</span> <span class='ocrx_word' id='word_1_200' title='bbox 302 2790 508 2853; x_wconf 68' lang='lat' dir='ltr'>decernentes.</span> <span class='ocrx_word' id='word_1_201' title='bbox 526 2813 542 2850; x_wconf 86' lang='lat' dir='ltr'>n</span> <span class='ocrx_word' id='word_1_202' title='bbox 563 2791 650 2854; x_wconf 87' lang='lat' dir='ltr'>Unde</span> <span class='ocrx_word' id='word_1_203' title='bbox 668 2792 699 2852; x_wconf 91' lang='lat' dir='ltr'>in</span> <span class='ocrx_word' id='word_1_204' title='bbox 718 2809 789 2854; x_wconf 90' lang='lat' dir='ltr'>casu</span> <span class='ocrx_word' id='word_1_205' title='bbox 804 2809 865 2874; x_wconf 93' lang='lat' dir='ltr'>quo</span> <span class='ocrx_word' id='word_1_206' title='bbox 880 2810 940 2854; x_wconf 92' lang='lat' dir='ltr'>non</span> <span class='ocrx_word' id='word_1_207' title='bbox 961 2794 1074 2858; x_wconf 87' lang='lat' dir='ltr'>suntin</span> 
     </span>
     <span class='ocr_line' id='line_1_29' title="bbox 108 2877 1074 2965; baseline 0.008 -27"><span class='ocrx_word' id='word_1_208' title='bbox 108 2877 176 2940; x_wconf 91' lang='lat' dir='ltr'>loco</span> <span class='ocrx_word' id='word_1_209' title='bbox 199 2877 247 2939; x_wconf 89' lang='lat' dir='ltr'>alii</span> <span class='ocrx_word' id='word_1_210' title='bbox 271 2879 441 2960; x_wconf 75' lang='lat' dir='ltr'>regulares,</span> <span class='ocrx_word' id='word_1_211' title='bbox 466 2897 633 2942; x_wconf 83' lang='lat' dir='ltr'>consensus</span> <span class='ocrx_word' id='word_1_212' title='bbox 654 2880 823 2944; x_wconf 91' lang='lat' dir='ltr'>incolarum</span> <span class='ocrx_word' id='word_1_213' title='bbox 846 2882 1019 2965; x_wconf 87' lang='lat' dir='ltr'>requiritur,</span> <span class='ocrx_word' id='word_1_214' title='bbox 1051 2885 1074 2946; x_wconf 88' lang='lat' dir='ltr'>si</span> 
     </span>
     <span class='ocr_line' id='line_1_30' title="bbox 108 2965 1074 3050; baseline 0.01 -24"><span class='ocrx_word' id='word_1_215' title='bbox 108 2965 243 3047; x_wconf 92' lang='lat' dir='ltr'>ipsorum</span> <span class='ocrx_word' id='word_1_216' title='bbox 273 2967 472 3050; x_wconf 90' lang='lat' dir='ltr'>eleemosynis</span> <span class='ocrx_word' id='word_1_217' title='bbox 498 2976 662 3032; x_wconf 82' lang='lat' dir='ltr'>conventus</span> <span class='ocrx_word' id='word_1_218' title='bbox 693 2971 732 3032; x_wconf 88' lang='lat' dir='ltr'>sit</span> <span class='ocrx_word' id='word_1_219' title='bbox 757 2970 995 3050; x_wconf 84' lang='lat' dir='ltr'>sustendandus,</span> <span class='ocrx_word' id='word_1_220' title='bbox 1019 2973 1074 3036; x_wconf 91' lang='lat' dir='ltr'>nisi</span> 
     </span>
     <span class='ocr_line' id='line_1_31' title="bbox 108 3055 1099 3141; baseline 0.016 -27"><span class='ocrx_word' id='word_1_221' title='bbox 108 3055 257 3137; x_wconf 86' lang='lat' dir='ltr'>Episcopo</span> <span class='ocrx_word' id='word_1_222' title='bbox 278 3057 443 3118; x_wconf 88' lang='lat' dir='ltr'>constiterit</span> <span class='ocrx_word' id='word_1_223' title='bbox 464 3075 517 3119; x_wconf 90' lang='lat' dir='ltr'>eos</span> <span class='ocrx_word' id='word_1_224' title='bbox 530 3057 649 3121; x_wconf 90' lang='lat' dir='ltr'>aliunde</span> <span class='ocrx_word' id='word_1_225' title='bbox 664 3077 751 3141; x_wconf 85' lang='lat' dir='ltr'>posse</span> <span class='ocrx_word' id='word_1_226' title='bbox 765 3060 945 3124; x_wconf 82' lang='lat' dir='ltr'>sufficienler</span> <span class='ocrx_word' id='word_1_227' title='bbox 958 3069 1074 3126; x_wconf 89' lang='lat' dir='ltr'>susten·</span> <span class='ocrx_word' id='word_1_228' title='bbox 1096 3125 1099 3130; x_wconf 87' lang='lat'><em>.</em></span> 
     </span>
     <span class='ocr_line' id='line_1_32' title="bbox 108 3143 174 3205; baseline -0.015 0"><span class='ocrx_word' id='word_1_229' title='bbox 108 3143 174 3205; x_wconf 83' lang='lat' dir='ltr'>tari.</span> 
     </span>
    </p>

    <p class='ocr_par' dir='ltr' id='par_1_6' title="bbox 107 3239 1079 3591">
     <span class='ocr_line' id='line_1_33' title="bbox 141 3239 1077 3325; baseline 0.013 -25"><span class='ocrx_word' id='word_1_230' title='bbox 141 3241 238 3300; x_wconf 68' lang='lat'>2553.</span> <span class='ocrx_word' id='word_1_231' title='bbox 254 3239 431 3302; x_wconf 78' lang='lat' dir='ltr'>«Praediclae</span> <span class='ocrx_word' id='word_1_232' title='bbox 445 3239 631 3304; x_wconf 86' lang='lat' dir='ltr'>conditiones</span> <span class='ocrx_word' id='word_1_233' title='bbox 643 3261 704 3304; x_wconf 92' lang='lat' dir='ltr'>non</span> <span class='ocrx_word' id='word_1_234' title='bbox 720 3245 912 3325; x_wconf 89' lang='lat' dir='ltr'>requiruntur</span> <span class='ocrx_word' id='word_1_235' title='bbox 926 3249 956 3309; x_wconf 92' lang='lat' dir='ltr'>in</span> <span class='ocrx_word' id='word_1_236' title='bbox 971 3249 1077 3312; x_wconf 86' lang='lat' dir='ltr'>dandis</span> 
     </span>
     <span class='ocr_line' id='line_1_34' title="bbox 107 3325 1079 3415; baseline 0.014 -30"><span class='ocrx_word' id='word_1_237' title='bbox 107 3348 124 3385; x_wconf 77' lang='lat' dir='ltr'>o</span> <span class='ocrx_word' id='word_1_238' title='bbox 148 3325 284 3408; x_wconf 89' lang='lat' dir='ltr'>hospitiis</span> <span class='ocrx_word' id='word_1_239' title='bbox 297 3327 517 3408; x_wconf 75' lang='lat' dir='ltr'>religiosorum,</span> <span class='ocrx_word' id='word_1_240' title='bbox 529 3330 634 3392; x_wconf 89' lang='lat' dir='ltr'>saltem</span> <span class='ocrx_word' id='word_1_241' title='bbox 644 3333 669 3393; x_wconf 88' lang='lat' dir='ltr'>si</span> <span class='ocrx_word' id='word_1_242' title='bbox 684 3331 723 3394; x_wconf 91' lang='lat' dir='ltr'>ibi</span> <span class='ocrx_word' id='word_1_243' title='bbox 741 3351 801 3394; x_wconf 92' lang='lat' dir='ltr'>non</span> <span class='ocrx_word' id='word_1_244' title='bbox 815 3335 960 3415; x_wconf 87' lang='lat' dir='ltr'>recipiant</span> <span class='ocrx_word' id='word_1_245' title='bbox 972 3337 1079 3399; x_wconf 84' lang='lat' dir='ltr'>missas</span> 
     </span>
     <span class='ocr_line' id='line_1_35' title="bbox 107 3415 1074 3502; baseline 0.01 -26"><span class='ocrx_word' id='word_1_246' title='bbox 107 3437 125 3476; x_wconf 73' lang='lat' dir='ltr'>n</span> <span class='ocrx_word' id='word_1_247' title='bbox 149 3423 177 3476; x_wconf 89' lang='lat' dir='ltr'>el</span> <span class='ocrx_word' id='word_1_248' title='bbox 194 3433 253 3475; x_wconf 92' lang='lat' dir='ltr'>non</span> <span class='ocrx_word' id='word_1_249' title='bbox 273 3415 404 3478; x_wconf 83' lang='lat' dir='ltr'>babeant</span> <span class='ocrx_word' id='word_1_250' title='bbox 421 3417 588 3481; x_wconf 89' lang='lat' dir='ltr'>ecclesiam.</span> <span class='ocrx_word' id='word_1_251' title='bbox 605 3422 709 3502; x_wconf 88' lang='lat' dir='ltr'>Neque</span> <span class='ocrx_word' id='word_1_252' title='bbox 722 3421 917 3502; x_wconf 89' lang='lat' dir='ltr'>requiruntur</span> <span class='ocrx_word' id='word_1_253' title='bbox 936 3423 966 3484; x_wconf 91' lang='lat' dir='ltr'>in</span> <span class='ocrx_word' id='word_1_254' title='bbox 981 3431 1074 3487; x_wconf 85' lang='lat' dir='ltr'>trans·</span> 
     </span>
     <span class='ocr_line' id='line_1_36' title="bbox 107 3503 1078 3591; baseline 0.01 -25"><span class='ocrx_word' id='word_1_255' title='bbox 107 3525 125 3566; x_wconf 83' lang='grc' dir='ltr'>ι</span> <span class='ocrx_word' id='word_1_256' title='bbox 150 3503 310 3567; x_wconf 82' lang='lat' dir='ltr'>lationibus</span> <span class='ocrx_word' id='word_1_257' title='bbox 342 3512 594 3570; x_wconf 79' lang='lat' dir='ltr'>monasteriorum</span> <span class='ocrx_word' id='word_1_258' title='bbox 620 3527 688 3590; x_wconf 80' lang='lat' dir='ltr'>quas</span> <span class='ocrx_word' id='word_1_259' title='bbox 715 3517 841 3591; x_wconf 89' lang='lat' dir='ltr'>possunt</span> <span class='ocrx_word' id='word_1_260' title='bbox 868 3509 985 3574; x_wconf 81' lang='lat' dir='ltr'>fundari</span> <span class='ocrx_word' id='word_1_261' title='bbox 1013 3513 1078 3576; x_wconf 80' lang='lat' dir='ltr'>sind</span> 
     </span>
    </p>
   </div>
   <div class='ocr_carea' id='block_1_5' title="bbox 111 3675 1078 3816">
    <p class='ocr_par' dir='ltr' id='par_1_7' title="bbox 111 3675 1078 3816">
     <span class='ocr_line' id='line_1_37' title="bbox 141 3675 1078 3747; baseline 0.009 -19"><span class='ocrx_word' id='word_1_262' title='bbox 141 3680 150 3708; x_wconf 78' lang='lat' dir='ltr'>r</span> <span class='ocrx_word' id='word_1_263' title='bbox 168 3677 216 3728; x_wconf 84' lang='lat' dir='ltr'>Pro</span> <span class='ocrx_word' id='word_1_264' title='bbox 232 3675 305 3728; x_wconf 78' lang='lat' dir='ltr'>certis</span> <span class='ocrx_word' id='word_1_265' title='bbox 317 3675 491 3743; x_wconf 78' lang='lat' dir='ltr'>religiosorum</span> <span class='ocrx_word' id='word_1_266' title='bbox 502 3679 635 3731; x_wconf 80' lang='lat' dir='ltr'>Ordinibus</span> <span class='ocrx_word' id='word_1_267' title='bbox 651 3679 706 3731; x_wconf 78' lang='lat' dir='ltr'>alie</span> <span class='ocrx_word' id='word_1_268' title='bbox 716 3680 874 3746; x_wconf 76' lang='lat' dir='ltr'>assignantur</span> <span class='ocrx_word' id='word_1_269' title='bbox 887 3682 1021 3747; x_wconf 67' lang='lat' dir='ltr'>distantia,</span> <span class='ocrx_word' id='word_1_270' title='bbox 1034 3685 1078 3737; x_wconf 75' lang='lat' dir='ltr'>ocal</span> 
     </span>
     <span class='ocr_line' id='line_1_38' title="bbox 111 3747 912 3816; baseline 0.006 -17"><span class='ocrx_word' id='word_1_271' title='bbox 111 3763 162 3799; x_wconf 84' lang='grc' dir='ltr'>ιοι</span> <span class='ocrx_word' id='word_1_272' title='bbox 172 3762 218 3814; x_wconf 79' lang='lat' dir='ltr'>pro</span> <span class='ocrx_word' id='word_1_273' title='bbox 229 3747 379 3800; x_wconf 72' lang='lat' dir='ltr'>unitatibus.</span> <span class='ocrx_word' id='word_1_274' title='bbox 392 3748 450 3799; x_wconf 82' lang='lat' dir='ltr'>Vide</span> <span class='ocrx_word' id='word_1_275' title='bbox 461 3749 490 3801; x_wconf 60' lang='lat' dir='ltr'>Sa</span> <span class='ocrx_word' id='word_1_276' title='bbox 502 3749 613 3816; x_wconf 58' lang='lat' dir='ltr'>legun..</span> <span class='ocrx_word' id='word_1_277' title='bbox 625 3751 662 3804; x_wconf 76' lang='lat' dir='ltr'>lle</span> <span class='ocrx_word' id='word_1_278' title='bbox 672 3752 822 3816; x_wconf 66' lang='lat' dir='ltr'>ennean,</span> <span class='ocrx_word' id='word_1_279' title='bbox 834 3765 863 3802; x_wconf 84' lang='lat' dir='ltr'>m</span> <span class='ocrx_word' id='word_1_280' title='bbox 873 3753 912 3804; x_wconf 84' lang='lat'>88.</span> 
     </span>
    </p>
   </div>
   <div class='ocr_carea' id='block_1_6' title="bbox 909 3841 962 3894">
    <p class='ocr_par' dir='ltr' id='par_1_8' title="bbox 909 3841 962 3894">
     <span class='ocr_line' id='line_1_39' title="bbox 909 3841 962 3894; baseline -0.019 0"><span class='ocrx_word' id='word_1_281' title='bbox 909 3841 962 3894; x_wconf 69' lang='lat' dir='ltr'>ld·</span> 
     </span>
    </p>
   </div>
   <div class='ocr_carea' id='block_1_7' title="bbox 0 0 1275 3992">
    <p class='ocr_par' dir='ltr' id='par_1_9' title="bbox 0 0 1275 3992">
     <span class='ocr_line' id='line_1_40' title="bbox 0 0 1275 3992; baseline 0 0"><span class='ocrx_word' id='word_1_282' title='bbox 0 0 1275 3992; x_wconf 95' lang='lat' dir='ltr'> </span> 
     </span>
    </p>
   </div>
  </div>
 </body>
</html>
