2550 3992
449 293 534 344 cmm
554 296 713 346 secamus.-
1010 281 1070 345 ms

97 401 199 458 tamen
214 395 301 478 plura
315 393 354 456 de
370 391 407 455 iis
426 393 529 456 statuit
541 393 673 456 Ecclesia
687 413 756 476 qua
768 393 895 478 proinde
908 393 945 456 ad
956 395 1007 475 ins
1021 414 1069 458 ca-

97 484 242 546 nonicum
258 484 378 567 propria
391 487 541 564 spectant,
558 499 618 544 non
634 501 796 564 possumus
808 502 844 546 aa
857 483 984 546 omnino
998 503 1071 566 pra·

98 577 273 635 termittere.
297 574 339 633 lle
362 571 399 633 iis
419 589 492 652 ergo
511 577 556 633 est
574 572 661 634 nobis
679 572 884 648 tractandum,
906 575 1070 654 generatim

97 661 221 744 quidem
244 662 274 723 in
298 661 400 742 Capite
419 660 581 742 prasenti;
603 661 634 722 in
657 663 757 744 specie
778 663 850 725 verti
869 662 900 724 in
919 660 1071 742 Capitibus

97 749 312 831 sequentibus:
324 767 418 832 pauca
427 751 543 812 tantum
554 748 706 818 dicemus.
718 769 828 833 nempe
837 757 985 832 quatenus
994 767 1070 832 opus

98 839 156 900 erit
175 839 212 900 ad
226 838 393 920 disciplina
412 837 618 901 ecclesiastica
639 841 719 902 circa
736 838 908 919 hujusmodi
932 839 1071 900 materias

98 927 344 1097 ἷίοἰΙέἓιέαῐίοηοηι
359 973 367 1006 ,
381 933 490 990 caetera
507 928 691 992 remittentes
712 927 751 991 ad
768 930 972 992 Institutiones
985 925 1070 989 theo·

527 1189 607 1254 ΛΒΤ.
630 1190 653 1254 l.

148 1341 188 1388 nr.
206 1338 462 1388 srcmnernoamr
483 1339 619 1397 narrar,
643 1340 762 1388 suanno
782 1341 819 1386 m
838 1337 1020 1386 rrsmrrom.

142 1493 231 1554 3l72.
243 1525 278 1538 -
288 1491 312 1552 l.
328 1489 557 1552 Sacramentum
571 1494 616 1550 est
629 1487 750 1568 signum
764 1485 915 1560 sensibile,
930 1484 1073 1549 iChristo

102 1587 314 1664 pennanenler
328 1579 507 1650 institutum,
523 1575 560 1638 ad
574 1573 803 1658 significandam
817 1581 847 1637 et
859 1573 1072 1638 conserendam

102 1667 216 1732 homini
231 1669 355 1750 gratiam
371 1665 617 1730 sanctificantem.

142 1766 251 1829 'l'ribns
271 1765 468 1848 perficiuntur
485 1765 695 1842 Sacramenta,
722 1762 860 1826 videlicet
877 1761 992 1827 :rebus
1011 1771 1074 1827 tan·

101 1873 195 1938 quam
211 1855 333 1918 materia
345 1903 353 1932 ,
367 1855 465 1917 veritis
477 1861 621 1936 tanquam
637 1851 734 1915 lenna
745 1901 754 1930 ,
765 1861 795 1934 et
805 1855 932 1934 persona
946 1852 1073 1914 ministri

103 1947 332 2008 Sacramentum
352 1943 550 2011 conficientis.
573 1961 645 2006 cum
664 1943 828 2005 intentione
842 1940 968 2005 faciendi
992 1941 1073 2024 qnod

102 2031 173 2096 lacit
187 2033 328 2096 Ecclesia.
344 2035 386 2096 lta
399 2035 491 2096 Cone.
502 2031 680 2098 Florentin..
690 2031 721 2094 in
732 2034 856 2095 ltecreto
869 2030 1072 2094 colmenar.

143 2135 233 2195 3173.
259 2135 326 2196 «Ut
340 2133 566 2194 Sacramentum
581 2131 619 2192 sit
627 2129 776 2207 validum,
791 2129 891 2212 inquit
903 2131 935 2194 S.
950 2129 1071 2211 Lignor.

102 2243 119 2283 a
144 2220 207 2302 (lib.
223 2225 258 2298 6,
271 2231 306 2282 n0
318 2225 360 2299 9),
374 2221 463 2283 debet
485 2221 563 2282 inter
586 2219 741 2282 materiam
761 2227 791 2282 et
812 2218 978 2282 sormam...
994 2226 1074 2283 tanta

103 2334 119 2371 a
143 2328 209 2374 esse
222 2311 397 2391 conjunctio
413 2317 466 2386 ,nt
481 2308 648 2372 secundnm
662 2309 809 2372 moralem
822 2307 981 2372 hominum
994 2310 1074 2372 aesti-

103 2423 119 2461 υ
146 2400 328 2477 mationem,
351 2403 482 2481 spectata
505 2399 611 2460 natura
631 2398 849 2480 cujuscumque
869 2399 1073 2476 Sacramenti,

103 2513 119 2550 a
144 2506 205 2552 una
219 2489 341 2552 alteram
355 2487 480 2563 afficiam
495 2486 553 2549 hoc
562 2491 617 2560 est,
632 2493 666 2547 nt
679 2485 768 2546 verba
778 2493 956 2548 censeantur
969 2486 1076 2549 cadere

103 2603 119 2639 a
144 2579 176 2640 in
194 2578 283 2641 talem
304 2597 369 2640 rem
382 2625 390 2650 ,
405 2584 436 2640 ct
452 2594 523 2639 cum
541 2580 578 2638 ea
596 2590 694 2637 unum
712 2573 802 2635 totale
823 2573 945 2655 signum
964 2575 1075 2636 consti-

103 2692 119 2728 ιι
144 2675 297 2731 tuere...»
315 2669 370 2745 (Ex
384 2664 615 2744 Busembaum.)

145 2769 236 2829 alil.
252 2767 398 2838 Quanam
412 2765 483 2826 vero
490 2764 659 2844 requiratur
673 2761 913 2826 simulast-tr
928 2764 958 2826 Si
971 2769 1078 2846 agatur

104 2855 143 2921 tle
157 2863 346 2918 sacramento
364 2853 568 2930 Eucharistiae,
583 2851 647 2915 hac
668 2851 757 2916 debet
769 2869 835 2916 ease
848 2851 990 2936 physica,
1005 2857 1076 2919 cum

105 2943 275 3030 pronomen
290 2944 342 3006 ltoc
361 2950 392 3006 et
410 2941 459 3004 tic
473 2958 535 3004 non
554 2941 648 3024 possit
660 2939 807 3005 verificari
820 2941 878 3006 nisi
900 2943 1025 3008 materia
1040 2945 1077 3008 sit

105 3051 250 3118 praesens.

146 3132 903 3217 3175.-2⁰Sidecoelerissacramentissitquaestio,
913 3156 1078 3201 commune

105 3235 151 3289 est
167 3225 486 3307 nonesseopussimul
498 3222 625 3286 lormam
635 3225 828 3287 etmateriam
839 3224 930 3308 incipi
940 3227 1075 3298 etliniri;

107 3323 224 3378 constat
246 3332 284 3376 ex
307 3311 439 3388 ilituali,
463 3312 515 3375 ubi
538 3311 577 3374 do
600 3313 753 3394 Baptisnro
775 3314 815 3376 ait
832 3333 840 3376 :
860 3315 926 3376 ulit
947 3331 1018 3377 oum
1042 3317 1079 3378 ea

107 3425 123 3466 a
148 3403 272 3482 (scilicet
288 3407 394 3485 aqna),
414 3401 470 3464 sub
489 3401 570 3464 trina
591 3401 742 3464 inlusione
762 3401 943 3485 baptizatur,
966 3404 1010 3466 sic
1031 3401 1077 3465 di-

108 3517 123 3556 a
148 3511 221 3558 cens
236 3511 245 3554 r
261 3491 328 3574 Epo
342 3499 369 3554 te
384 3489 496 3573 baptizo
510 3491 542 3551 in
555 3491 668 3552 aomina
681 3491 781 3553 Patris
793 3495 827 3570 †,
842 3490 948 3554 lundat
961 3491 1075 3573 primm

108 3607 123 3642 a
148 3592 177 3646 et
192 3581 269 3646 fitia·
277 3585 317 3662 †,
331 3579 438 3644 lundat
450 3579 601 3657 secundm
616 3588 645 3642 et
658 3580 795 3663 Spiritus
808 3581 958 3658 Sancti†,
974 3580 1079 3645 fundat

109 3699 123 3732 o
150 3671 247 3736 tertio.
268 3693 284 3732 a
305 3672 391 3734 ilatio
412 3677 457 3732 cst
479 3669 585 3732 eadem
604 3687 659 3751 pro
683 3671 798 3732 catoris
821 3672 1034 3748 sacramentis,
1053 3673 1078 3734 si
