2528 3996
185 243 244 308 550
404 263 542 311 uaxuxxa
562 265 663 313 renus
686 267 768 316 ruars
788 269 935 320 caxourcr.

223 361 313 422 2928.
330 362 397 422 Non
409 361 487 423 idem
498 365 1164 440 estdicendumdeCommunitatibusmulie-

185 467 271 511 rum:
284 449 630 529 promonialibusenim,
642 453 711 516 licet
720 466 878 540 exemptae,
897 461 940 524 sic
953 469 1099 527 statutum
1108 467 1166 532 luit

185 539 203 600 t
217 538 360 618 Gregorio
374 541 441 612 XV,
458 541 579 604 Constit.
597 543 803 618 Inserutabitr',
822 553 839 608 5
855 547 929 612 lebr.
948 555 1046 614 maa:
1068 578 1086 612 a
1101 557 1166 619 ad-

185 649 199 684 o
225 625 428 689 ministrantes
441 621 520 692 bona
533 630 608 693 ad...
620 635 803 696 monasteria
818 640 1093 704 sanctimonialium
1099 693 1164 708 .....

186 737 200 773 o
225 715 314 777 etiam
326 717 512 797 regularibus
524 719 725 800 subjectarum
736 727 925 804 pertinentia,
937 729 1166 813 siveregulares

186 825 200 860 o
225 804 390 866 exstiterint
408 807 469 867 sire
483 809 656 886 saecrrlares,
672 813 900 892 quomodolibet
908 821 1055 900 exempti,
1074 824 1165 904 Epis-

186 916 200 950 o
224 893 1166 992 copoloci,adhibitisetiamSuperioribusregularibussingulis

186 1003 200 1039 o
225 981 467 1056 annis,rationes
477 984 756 1062 administrationis,
775 993 975 1072 gralistamen
985 999 1164 1081 exigendas,

187 1091 200 1126 o
226 1067 350 1128 reddere
364 1077 541 1150 teneantur,
558 1074 594 1136 ad
607 1075 779 1157 idquejuris
793 1081 935 1144 remediis
949 1088 1017 1167 cogi
1033 1095 1063 1148 et
1077 1107 1164 1153 com·

186 1179 200 1212 o
227 1155 294 1234 pelli
310 1166 431 1234 queant.
449 1161 608 1244 Liceatque
623 1165 787 1248 Episcopo,
807 1187 841 1230 ex
864 1174 1032 1236 rationabili
1048 1185 1163 1253 eausa,

187 1267 200 1302 o
226 1245 401 1325 Superiores
415 1251 566 1329 segniores
581 1253 758 1332 admonere,
776 1263 809 1318 ut
822 1259 1007 1337 ejusmodi...
1019 1266 1166 1332 adminis-

186 1356 201 1388 »
227 1339 350 1396 tratores
364 1348 539 1415 amoreaot3
553 1341 648 1422 iisque
662 1345 874 1424 Superioribus
888 1349 917 1410 id
933 1350 1030 1415 lacere
1044 1357 1165 1421 detrec-

187 1445 201 1478 »
227 1423 357 1485 tontibus
371 1431 422 1496 aut
438 1429 674 1510 negligentibus,
688 1432 794 1496 habeat
809 1437 974 1521 Episcopus
989 1442 1164 1511 facultatem

186 1531 201 1568 a
227 1509 687 1591 praedictos..:ariministratores
696 1525 853 1586 amovendi
868 1529 986 1609 quoties
994 1539 1026 1595 et
1038 1538 1165 1616 quando

186 1619 201 1656 o
226 1617 302 1679 opus
316 1619 382 1663 esse
393 1603 579 1681 judicaverit.
595 1630 611 1667 o

226 1692 314 1750 2929.
338 1691 396 1752 Pro
416 1695 591 1759 executione
605 1698 817 1782 prolatorum,
843 1707 1036 1788 Ordinarius,
1060 1718 1163 1795 quoad

186 1777 332 1839 moniales
354 1791 523 1862 exemptas,
547 1788 708 1866 procedere
730 1790 821 1854 debet
840 1803 982 1878 tanquam
1004 1801 1162 1886 delegatus

188 1865 217 1925 S.
234 1865 338 1941 Sedis3
355 1876 385 1928 et
398 1872 534 1950 quamvis
547 1875 597 1952 jus
616 1875 721 1938 habeat
732 1884 888 1945 amovendi
903 1886 1162 1958 administratores

187 1953 276 2014 etiam
291 1963 496 2037 exemptarum
511 1963 708 2039 monialium,
728 1969 751 2028 si
772 1989 862 2034 causa
873 1975 953 2053 justa
972 1985 1160 2062 expostulet,

189 2059 248 2102 non
264 2041 331 2104 ideo
340 2044 390 2121 jus
404 2045 493 2108 habet
507 2049 590 2124 lllos,
610 2054 710 2133 quoad
724 2069 896 2141 exemptas,
914 2066 1095 2148 designandi
1110 2083 1161 2136 aut

187 2129 390 2209 approbandi,
408 2137 478 2196 clun
493 2136 530 2198 de
544 2137 602 2200 hoc
613 2143 681 2220 jure
696 2145 818 2225 praelata
833 2150 917 2214 Bulla
931 2155 1025 2219 sileat.

227 2219 292 2279 Non
307 2231 406 2282 autem
422 2229 539 2286 tenetur
553 2228 727 2296 Ordinarius
743 2281 750 2310 ,
767 2239 888 2316 quando
902 2243 1161 2316 administratores

187 2305 335 2368 bonorum
351 2311 527 2374 monialium
543 2327 692 2398 removet,
707 2321 807 2388 dicere
829 2329 1039 2410 Superioribus
1054 2359 1159 2406 earum

186 2395 383 2474 regularibus,
399 2419 489 2481 quam
500 2403 540 2464 ob
549 2423 669 2471 causam
680 2411 722 2472 sic
732 2423 809 2494 agat.
820 2419 861 2478 lta
869 2420 981 2500 pluries
994 2425 1158 2494 decisuml

187 2483 217 2543 S.
234 2485 343 2566 Congr.
359 2489 493 2567 Concil.;
512 2512 567 2555 nec
589 2497 656 2578 cogi
671 2509 798 2580 possunt
811 2506 985 2588 Superiores
1004 2519 1158 2598 regulares

186 2571 221 2632 ad
243 2575 406 2640 audiendas
424 2589 634 2662 computorum
658 2590 788 2654 rationes
808 2613 909 2658 coram
936 2601 1111 2687 Episcopo,
1134 2611 1157 2674 si

187 2661 283 2724 nolint
296 2663 410 2728 adesse.
424 2669 458 2729 V.
475 2688 523 2752 up.
536 2673 570 2732 ll.
585 2676 688 2753 ltouix,
708 2679 748 2740 De
758 2683 907 2762 tlepolor,
918 2695 1029 2764 tom.2,
1042 2715 1073 2776 p.
1086 2701 1155 2763 312.

225 2755 314 2815 2930.
337 2756 447 2818 Praeter
461 2759 511 2837 jus
525 2761 681 2841 praelatum
695 2768 841 2832 rationem
859 2787 1072 2859 computorum
1095 2789 1157 2851 exi-

186 2840 291 2918 gendi,
307 2850 336 2904 et
350 2847 507 2908 amovendi
522 2849 776 2920 administratores
803 2859 951 2928 bonorum
977 2875 1157 2942 monialium

186 2927 209 2986 si
224 2947 312 2991 causa
327 2933 432 3010 subsit,
444 2938 620 3020 Episcopus
637 2961 697 3004 non
708 2964 744 3007 ex
756 2948 824 3025 jure
838 2952 890 3014 sed
904 2973 939 3016 ex
953 2967 1158 3029 consuetudine

186 3013 350 3095 conlocat,
384 3022 484 3101 plures
498 3027 571 3090 alios
585 3037 668 3092 aetus
682 3035 913 3104 admistrationis
926 3057 1044 3112 exercet
1057 3057 1157 3134 quoad

186 3105 332 3168 moniales
346 3111 533 3188 regularibus
548 3136 609 3179 non
630 3121 791 3201 subjectos,
808 3129 868 3192 sire
890 3141 954 3196 volu
975 3137 1076 3222 aliqua
1096 3147 1158 3210 sira

187 3192 267 3254 nulla
279 3195 414 3258 emittant
426 3218 433 3258 :
445 3201 488 3262 sic
502 3222 529 3264 v.
546 3225 575 3286 g.
592 3207 710 3290 exigere
718 3221 814 3294 potest
825 3226 855 3280 ut
867 3239 921 3301 pro
932 3225 1021 3289 rebus
1034 3233 1159 3314 rnajoris

186 3283 348 3363 momenti,
364 3305 437 3350 suus
455 3303 627 3373 expectetur
645 3317 829 3382 consensus;
852 3310 889 3370 ad
908 3312 1005 3394 ipsum
1027 3327 1158 3400 pertinet

186 3369 440 3440 administratores
453 3383 618 3463 approbare
632 3395 828 3467 straveram,
847 3405 876 3459 et
889 3407 924 3462 ut
944 3403 998 3466 sibi
1014 3409 1160 3477 adminis-

186 3459 321 3562 trationis
343 3465 489 3532 rationem
516 3472 661 3554 reddant,
676 3487 734 3543 etc.
750 3485 822 3547 Haec
845 3493 955 3567 passim
979 3511 1159 3578 supponunt

475 3603 482 3619 .
493 3561 765 3647 congregationum
776 3575 955 3643 Decisiones.
968 3583 1087 3671 (Bonis,
1099 3593 1156 3676 ib,
