2528 3996
211 313 269 378 stt
428 318 568 368 ιιιιιιιιιιιι
587 311 688 360 nonos
708 305 790 353 roan
811 296 960 350 canonici.

217 455 231 488 ιι
252 431 293 491 Le
307 422 433 508 pomoir
452 419 490 480 de
511 408 708 478 commender
726 424 764 466 en
780 407 866 462 vorin
879 397 918 458 de
931 395 959 457 ia
977 392 1075 454 sainte
1088 387 1197 452 obdia·
1251 441 1252 444 ,

214 542 229 581 n
253 533 343 579 sance
363 507 562 590 n’appartient
575 500 686 582 qu'aux
708 491 887 574 Superieurs
900 503 939 546 en
960 481 1030 544 titre
1046 499 1054 541 ε
1072 480 1110 541 iis
1124 486 1200 542 sont

216 632 230 668 n
255 606 298 667 les
311 601 391 666 senis
401 599 493 679 qu’on
504 589 706 657 reconnaisso,
716 601 754 644 en
767 580 873 642 faisant
885 573 939 636 des
948 589 1036 634 voeux
1050 567 1132 630 dans
1147 587 1201 631 ces
1251 605 1252 648 3

217 719 231 756 n
256 693 379 768 ordros,
394 705 471 770 pour
486 685 529 745 ies
541 676 718 758 interpretes
731 671 769 732 de
784 669 812 730 ia
824 665 943 728 nolonte
961 659 1079 732 divine3
1096 658 1202 719 tondis
1251 669 1252 696 ³

218 807 233 846 n
257 800 317 864 que
333 780 361 843 le
381 773 505 861 pouroir
527 770 566 832 de
588 761 775 828 doinination
797 753 965 837 appartient
989 751 1005 810 ὲ
1025 755 1097 810 tous
1120 765 1201 808 ceux

219 896 234 934 n
260 871 311 952 qui
332 875 386 930 ont
403 863 533 946 quelque
548 852 675 920 autorite
692 849 768 910 dans
782 845 810 907 io
825 843 958 915 maison,
971 844 1001 900 et
1014 837 1119 897 meme
1141 853 1201 896 anx

220 985 235 1022 n
260 957 388 1020 officiers
401 945 627 1017 subordonne's‚
643 939 726 1002 selon
741 937 768 998 ia
790 947 911 996 mesore
924 927 962 990 do
983 925 1049 987 leur
1068 925 1203 985 autorite

223 1073 237 1110 n
262 1042 441 1110 neanmoins
453 1087 462 1118 ,
476 1043 506 1100 et
519 1036 595 1098 dans
614 1031 659 1094 les
680 1025 781 1090 oiiices
800 1021 851 1102 qui
865 1019 933 1082 ieur
946 1021 1014 1078 sont
1029 1031 1163 1095 propres
1176 1021 1204 1074 ει

224 1161 238 1196 n
263 1153 325 1196 non
340 1132 520 1194 autrernent.
538 1121 690 1194 Pelinna,
705 1122 744 1177 tr.
759 1117 790 1186 i,
809 1113 862 1172 151
881 1113 911 1170 et
925 1108 994 1167 too.
1010 1125 1026 1162 n

264 1225 353 1286 3018.
371 1222 510 1280 Attamen
526 1213 611 1292 juxta
641 1203 795 1274 nasoon,
816 1217 864 1280 ap.
881 1197 913 1258 S.
934 1193 1056 1274 Lignor.
1078 1189 1135 1264 (it.
1152 1193 1203 1266 d).

231 1337 246 1373 ιι
266 1313 290 1376 si
305 1308 408 1390 regula
421 1305 478 1369 sub
492 1307 614 1384 peceato
628 1295 758 1376 obligat,
774 1291 841 1368 ejus
853 1280 1052 1363 transgressio
1073 1287 1121 1346 esi
1135 1299 1205 1341 con-

228 1427 242 1462 r
267 1409 312 1464 tra
331 1405 433 1460 notum
454 1400 484 1455 et
497 1388 650 1466 sacrilega.
666 1405 682 1442 n
700 1381 782 1455 imo,
799 1393 860 1438 non
875 1373 1011 1436 obstante
1025 1369 1206 1432 auctoritate

229 1487 372 1554 Peliizarii
386 1493 415 1548 et
427 1483 462 1544 P.
479 1475 631 1542 Gautreiet
648 1469 739 1533 modo
758 1463 861 1540 relati,
882 1477 944 1522 non
959 1457 1046 1520 video
1063 1473 1124 1519 cur
1145 1475 1206 1517 nnn

231 1583 309 1644 idem
324 1577 362 1639 sit
374 1570 554 1640 dicendum,
569 1580 631 1626 non
645 1560 764 1621 tantiam
781 1550 904 1636 quando
918 1547 1091 1630 superiores
1105 1546 1209 1628 praeci·

233 1687 321 1738 onam
342 1660 547 1727 auctoritatem
570 1651 715 1715 habentes
743 1641 896 1718 imperant
914 1635 947 1700 in
966 1633 1080 1698 virtute
1100 1643 1209 1696 sancte

237 1748 418 1818 obedientior,
435 1742 586 1806 sedetiam
602 1735 723 1817 quando
735 1735 789 1812 ipsi
804 1741 834 1792 et
845 1728 893 1790 aiii
907 1721 1120 1786 auctoritatem
1133 1713 1206 1778 infe

239 1841 351 1902 riorem
370 1833 528 1904 habentes,
553 1823 709 1887 intendunt
730 1821 864 1899 obiigare
885 1816 917 1876 in
938 1810 1128 1875 conscientia
1152 1803 1205 1868 snb

241 1921 502 2011 peccatoetiamsi
517 1919 545 1977 vi
560 1902 1023 1993 sotiusporosransdominativa
1044 1898 1092 1960 sio
1114 1897 1203 1958 veiint
1251 1951 1252 1954 ,

241 2017 384 2097 obligare.
405 2013 442 2072 V.
471 2013 545 2072 2801
573 2013 696 2084 etopus
722 2021 729 2061 :
754 1999 808 2060 Des
834 1986 1097 2057 communautdsd
1125 2004 1206 2048 noenr

242 2103 564 2186 simples‚n⁰⁸89.oto.
794 2125 799 2135 ·

279 2193 368 2252 3019.
381 2187 460 2244 —2·
473 2178 617 2260 Superior
631 2189 694 2235 non
714 2169 803 2230 nanet
821 2167 997 2248 potestatem
1018 2157 1209 2242 praecipiendi

241 2287 342 2345 eontra
355 2271 507 2356 rapulam,
525 2265 583 2328 nisi
596 2262 704 2325 habeat
716 2262 892 2340 potestatem
908 2253 938 2314 in
953 2254 989 2312 et
1001 2248 1209 2330 dispensandi.
1251 2249 1252 2330 i

242 2367 426 2432 strationem
434 2357 631 2422 sufficientem
645 2349 682 2412 ad
690 2337 1212 2423 talemdispensationernaonceden·
1251 2331 1252 2382 ἶ

243 2461 313 2522 dam
332 2459 473 2518 :tenetur
498 2455 601 2508 tamen
625 2436 748 2500 inferior
770 2431 908 2508 obedire,
933 2425 1057 2510 quando
1080 2427 1140 2508 ipsi
1157 2443 1216 2488 non
1251 2425 1252 2500 i

245 2551 361 2614 constat
373 2541 411 2604 de
424 2531 645 2619 dispensatione
658 2525 802 2590 concessa
815 2519 880 2583 sine
893 2520 995 2582 causi.

285 2627 521 2700 soen-trimo
530 2640 618 2703 sopra
629 2614 762 2698 requiam
772 2627 834 2673 non
844 2615 942 2690 potest
951 2605 1131 2690 precipere,
1139 2605 1222 2668 itaut

247 2747 308 2792 non
319 2723 452 2803 obligent
462 2732 498 2777 ea
507 2707 678 2794 quaejubet,
690 2703 714 2764 si
726 2719 783 2763 neo
796 2697 934 2779 explicita
944 2713 1002 2759 nea
1010 2693 1159 2777 implicite
1168 2713 1220 2757 seu

247 2812 409 2884 reductive,
418 2784 937 2882 subreguidoonrprehendantur.ld
947 2785 1147 2848 consistens.
1158 2786 1221 2845 Bon

250 2903 344 2968 nardo
358 2898 427 2980 qui,
442 2893 518 2956 iihro
532 2887 566 2950 de
577 2890 721 2969 precepto
735 2886 765 2942 et
781 2873 1012 2958 dispensatione,
1027 2891 1098 2954 cap.
1115 2879 1149 2951 Ἰ,
1163 2873 1219 2936 ait:

254 3017 270 3054 ιι
289 2995 317 3054 Is
337 2987 388 3069 qni
410 2981 585 3065 profitetur,
608 2969 737 3056 spondet
758 2966 882 3050 quidem
905 2962 1139 3026 obedientiam:
1164 2981 1220 3024 non

250 3105 266 3144 n
290 3085 391 3142 autem
404 3065 631 3140 omnimodam,
647 3058 698 3123 sed
709 3055 938 3120 determinatam
952 3051 1125 3114 secundnm
1141 3071 1222 3132 rapu·

251 3195 267 3231 n
292 3169 392 3230 ianr.»
417 3163 454 3221 Et
473 3155 549 3218 ratio
566 3158 612 3216 est
632 3150 703 3230 quia
723 3147 753 3208 in
775 3143 961 3226 professione
981 3139 1153 3221 Religionis
1168 3159 1221 3202 noa

252 3263 373 3323 voretur
383 3231 907 3314 obedientiaabsolutietiilimitoti,
925 3240 958 3294 ut
971 3229 1013 3292 ait
1026 3231 1160 3306 Suarez,
1177 3229 1223 3290 sed

253 3341 404 3412 secundina
431 3331 574 3416 repetam.
602 3331 682 3409 Ergo
714 3322 837 3386 materia
860 3319 950 3400 hujus
976 3318 1035 3380 voti
1059 3337 1126 3382 non
1153 3320 1223 3381 nitro

253 3432 372 3500 extendi
383 3429 473 3492 dehet
487 3444 495 3485 ι
511 3417 684 3485 eommunis
697 3420 741 3476 est
755 3411 820 3474 haro
833 3409 1022 3472 doctrino-
1032 3409 1064 3470 Si
1078 3415 1184 3470 autem
1199 3409 1224 3468 in

255 3523 358 3604 reguli
379 3518 527 3582 diceretur
545 3505 757 3588 obligationem
779 3499 957 3563 obedienda
980 3513 1045 3559 sose
1066 3498 1223 3562 extendere

255 3613 292 3676 ad
309 3609 411 3674 omnia
425 3621 493 3687 quae
507 3617 567 3661 non
584 3601 654 3658 sunt
673 3593 829 3655 inhonesta
844 3589 900 3665 (uti
914 3587 952 3649 do
966 3585 1071 3668 reguis
1085 3589 1120 3648 S.
1138 3589 1222 3648 Fran·

258 3701 327 3766 sisoi
344 3699 449 3761 asserit
465 3694 496 3752 S.
515 3688 751 3761 nonai-entus),
774 3678 932 3741 inhonesta
949 3676 1013 3738 sola
1029 3684 1136 3739 essent
1154 3675 1221 3738 esai

256 3795 379 3880 prendo.
