2522 3992
411 245 495 292 cisen
518 241 635 287 rnrnus.
953 213 1008 276 491

29 383 45 421 ι
76 363 178 418 tamen
194 369 256 414 non
271 344 421 428 completo
434 339 596 405 erileidem
604 333 779 418 poenitentia
788 327 982 414 imponenda.
995 349 1009 388 u
1105 340 1109 347 ·

30 446 122 528 (Vide
136 443 226 506 eliam
241 441 273 502 S.
289 437 426 518 Liguor.‚
443 431 495 492 lib.
512 433 548 505 3,
566 437 598 488 n⁰
612 428 697 501 237.)

78 539 167 596 7717.
190 529 327 590 Diximus
341 521 423 584 modd
433 519 506 583 uelit
518 516 661 600 profitens
675 530 730 575 sua
742 517 810 574 vola
817 509 950 590 extingui
961 525 1015 590 per

34 622 278 706 professionem:
291 633 361 677 nam
376 613 400 673 si
417 607 546 672 deluerit
558 606 625 668 talis
639 603 777 665 voluntas
790 601 821 662 in
837 599 1014 681 profitente,

34 709 244 797 probabilem,
260 705 323 766 imd
345 700 430 764 valde
450 695 637 780 probabilem
654 694 764 754 Suarez
784 689 874 752 habet
900 695 1017 750 senlen-

36 802 114 862 tiam
129 797 210 880 qudd
225 795 289 858 solo
303 792 382 854 lacto
397 785 593 850 Prolessionis
608 779 752 845 solemnis
767 797 827 840 non
842 777 1017 858 extinguan-

38 898 91 950 tur
105 895 173 950 vota
186 879 409 966 compossibilia
428 893 499 940 cum
523 876 608 936 Statu
630 869 792 950 religioso,
817 867 888 966 quia
911 864 949 926 de
969 864 1017 926 illa

40 977 208 1040 irritatione
216 974 305 1036 silent
312 967 504 1051 Jusdivinum
515 958 856 1041 etjusecclesiasticum3
868 953 935 1016 ideo
946 971 1018 1034 prac-

40 1067 143 1128 dictus
156 1069 260 1127 auctor
279 1057 427 1124 consulit.
451 1059 513 1116 aut
534 1050 586 1120 nui
601 1047 779 1130 profitentur
799 1043 1019 1106 admoneantur

42 1156 57 1190 u
74 1144 193 1206 semper
209 1126 247 1184 de
261 1119 434 1200 hujusmodi
455 1123 691 1178 commutatione
704 1117 855 1196 lacienda3
873 1121 918 1182 rel
933 1124 1015 1184 certe

43 1247 57 1280 u
74 1225 106 1278 ut
120 1212 296 1293 Superiores
308 1215 371 1287 post
383 1205 490 1266 laclam
503 1203 721 1267 professionem
730 1204 778 1268 illa
791 1197 918 1285 irritent}
931 1211 1013 1292 quod

45 1311 167 1366 placare
179 1305 331 1376 possum.»
346 1292 503 1373 Videapud
513 1294 548 1354 D.
559 1292 844 1376 Bouix(0ellegal.,
853 1303 928 1360 tom.
939 1305 968 1372 ⁰2,
981 1319 1010 1379 p.

47 1389 207 1468 tul-498).
219 1385 417 1448 Gerlotamen
433 1380 463 1442 id
474 1387 628 1461 nequeunt
635 1382 720 1459 justa
733 1387 763 1446 S.
782 1385 858 1459 lig..
870 1385 891 1447 l.
905 1392 1009 1460 3337.

89 1480 179 1540 7773.
201 1481 279 1541 Casu
292 1497 353 1560 quo
368 1475 512 1559 professio
526 1493 588 1536 non
602 1482 648 1536 est
661 1475 815 1550 solemnis,
830 1480 882 1537 etsi
898 1495 1020 1558 congre·

50 1569 133 1646 gotio
146 1567 340 1629 substantiam
351 1569 450 1628 Status
463 1563 592 1644 religiosi
603 1564 765 1638 commeat,
777 1569 843 1626 vola
852 1583 924 1627 cum
938 1568 1021 1627 Statu

50 1655 191 1734 religioso
205 1655 447 1737 incompatibilia,
463 1652 604 1714 desinunt
618 1652 741 1734 quidem
756 1650 833 1714 laeto
850 1652 1020 1732 hujusmodi

49 1744 266 1821 Prolassionis,
281 1752 311 1806 at
324 1746 395 1806 clim
411 1743 485 1804 tales
507 1740 682 1823 profitentes
701 1747 817 1822 possint
830 1741 1022 1822 aliquandob

47 1833 195 1916 religione
214 1834 341 1910 dimitti,
363 1851 424 1896 non
444 1831 570 1894 omnino
590 1831 824 1912 extinguuntur,
847 1830 900 1893 sed
923 1831 1022 1913 potius

47 1923 242 2005 suspenditur
254 1941 360 1986 eorum
372 1921 513 2003 obligatio
527 1920 674 2002 quamdiu
687 1919 717 1982 in
729 1920 884 2002 Religione
898 1927 1023 1984 manent

47 2021 200 2075 voventes.
221 2012 296 2074 Vide
314 2011 410 2074 Bouix
430 2010 501 2090 (iu,
520 2017 595 2072 lom.
611 2013 641 2089 2,
664 2029 694 2092 p.
717 2013 874 2090 499-501).
899 2011 930 2074 Si
953 2013 1023 2074 vero

49 2101 249 2184 congregatio
263 2103 362 2164 Stalbs
385 2100 514 2182 religiosi
534 2100 695 2162 essentiam
715 2118 776 2162 non
795 2099 920 2178 babeat,
936 2100 967 2163 in
987 2105 1023 2164 ea

48 2192 195 2271 prolitens
209 2209 270 2253 non
291 2191 412 2253 solvitur
437 2190 512 2252 volis
532 2189 717 2272 simplicibus
737 2195 824 2252 antea
845 2189 950 2269 factis,
965 2191 1022 2254 uisi

49 2287 117 2342 vola
131 2299 198 2362 quae
212 2279 490 2360 incongregatione
505 2279 592 2355 fiunt,
607 2278 711 2341 sintex
726 2281 833 2342 natura
846 2283 901 2341 sua
915 2279 1022 2343 melio-

48 2371 93 2430 ris
107 2371 196 2447 boni,
211 2375 241 2450 et
259 2370 322 2450 ipse
336 2387 446 2432 vorens
467 2369 498 2430 in
518 2387 553 2430 ea
570 2374 735 2430 commutet
749 2387 803 2430 sua
820 2376 888 2430 vota
910 2388 1021 2450 praece·

47 2458 172 2538 dentia,
192 2465 243 2520 aut
257 2460 314 2520 nisi
338 2475 407 2520 eum
430 2476 466 2520 eo
484 2457 514 2518 in
537 2457 613 2518 rotis
636 2457 875 2538 praecedentibus
888 2457 1022 2539 legitime

47 2547 250 2628 dispensetur.
267 2547 340 2608 Vide
354 2549 390 2608 D.
405 2546 500 2608 Bouix
516 2545 579 2624 (lb,
596 2553 670 2607 tom.
687 2553 716 2621 2,
732 2565 763 2627 p.
780 2549 858 2622 5025.

90 2639 180 2699 2717.
198 2671 235 2684 -
248 2641 280 2702 3⁰
295 2635 442 2698 Prolessio
456 2635 599 2697 solemnis
613 2633 709 2696 aufert
723 2633 971 2716 irregularitatem
985 2656 1023 2700 ex

48 2725 198 2788 natalium
210 2726 345 2798 delectu,
361 2725 413 2786 sed
426 2723 637 2788 tantummodo
650 2723 688 2785 ad
702 2723 909 2804 suscipiendos
922 2743 1022 2789 sacros

48 2814 190 2888 ordines,
217 2833 279 2877 non
296 2815 367 2876 verb
382 2813 481 2895 quoad
501 2812 676 2874 praelaturas
696 2811 741 2874 vel
761 2813 927 2894 Dignitales
945 2813 1021 2877 obli-

50 2901 178 2966 nendas.
193 2907 235 2967 lta
255 2923 321 2985 cap.
342 2902 382 2966 tlt
398 2902 476 2984 filii,
493 2901 527 2963 de
539 2901 617 2984 filiis
633 2919 640 2961 :
656 2907 778 2964 eaeteras
791 2901 1023 2984 irregularitate}
1054 2953 1057 2959 .

49 3011 105 3075 pcr
122 2992 265 3055 Prolessn
281 3002 345 3048 non
360 2991 470 3054 auferri
485 2997 528 3052 est
541 2991 687 3052 sententia
697 2992 901 3055 communior.
912 2993 1019 3076 Bonis,

50 3081 139 3160 ibid,
153 3089 228 3144 tom.
244 3087 273 3162 l,
289 3103 319 3166 p.
336 3086 415 3159 6163
431 3087 461 3143 et
474 3098 564 3161 supra
578 3079 656 3142 dicta
670 3080 779 3162 (7777).

89 3175 255 3234 7775.--70
269 3171 417 3234 Proiessio
430 3170 544 3232 dirimit
558 3169 718 3250 sponsalia,
733 3177 763 3232 et
776 3170 800 3234 si
815 3173 958 3236 solemnis
970 3175 1019 3252 sit,

51 3279 113 3322 non
141 3263 258 3324 lantiam
284 3270 330 3324 est
354 3259 604 3342 impedimentum
626 3258 772 3321 dirimens
794 3263 1021 3325 matrimonium

50 3350 254 3432 subsequens,
275 3351 329 3414 sed
353 3352 442 3413 etiam
470 3349 564 3412 irritat
583 3347 809 3411 matrimonium
831 3352 1020 3432 praecedens,

50 3439 143 3500 mcdd
162 3439 253 3502 luerit
278 3449 376 3503 ratum
398 3441 516 3502 tantiam
541 3443 571 3500 ct
603 3455 666 3501 non
691 3449 946 3504 consummatum.
978 3444 1022 3506 lta

51 3527 165 3592 Concil.
180 3529 330 3608 Trident,
346 3547 419 3592 sess.
435 3533 485 3608 al,
501 3545 569 3592 can.
585 3530 636 3590 θ’.

88 3642 93 3668 ·
111 3639 185 3693 Juxta
202 3647 298 3694 nostras
315 3640 382 3708 leges
398 3637 502 3693 civiles:
525 3657 535 3688 ι
557 3639 604 3692 bes
620 3655 694 3693 roeux
718 3639 773 3692 lails
790 3640 880 3706 pourb
894 3643 937 3692 uns
954 3641 1021 3695 dunt
