2522 3992
223 137 279 190 190
447 144 587 190 nandans
610 145 713 190 tortus
733 144 814 192 tuuis
836 145 986 192 ctuomct.

222 256 309 332 llatae,
321 255 463 317 existunt.
482 256 554 317 llide
569 275 645 336 opus
657 256 701 318 Le
717 258 846 320 clire‘tien
869 257 993 332 ecloirt,
1010 263 1097 332 elc.,
1117 278 1184 340 par
1200 261 1225 318 le

222 347 252 406 P.
265 345 390 422 Maurel,
407 364 437 426 p.
452 348 535 422 258).
550 347 615 406 lmo
627 347 716 408 varta
731 346 848 428 indulg.
866 347 1001 426 religios,
1018 347 1222 409 solemnite:
1236 349 1237 406 l

221 451 369 511 mneess„
391 435 483 494 etiam
510 432 546 494 iis
560 434 612 514 qui
631 434 780 516 simplicia
804 441 873 496 rota
896 437 1048 498 emittunt
1079 437 1220 498 concedi

222 521 319 582 solent
340 522 364 582 si
390 529 539 602 petantur.
563 540 604 581 :a
626 525 679 584 Ces
694 525 903 602 indulgences,
926 523 969 585 ait
991 524 1102 595 idem¹
1131 526 1219 586 selon

217 634 229 672 ι
254 629 403 692 plusieurs
419 623 618 674 oectarattons
632 619 819 687 utterreures,
830 616 900 673 sont
908 626 1023 672 encore
1035 611 1213 690 generale·

216 722 229 760 ι
256 709 339 762 nient
356 701 516 764 accordees
538 701 556 764 a
584 707 684 764 tontes
707 701 749 763 les
771 701 979 780 corporations
999 697 1210 772 d’hommrs,

216 815 230 850 ι
255 790 330 852 ainsi
349 792 459 870 qu'aux
472 791 673 862 monasteres,
692 789 938 871 Congregations,
953 788 1212 850 Communautes

217 902 232 939 ι
257 880 294 941 de
312 879 497 958 religieuses,
511 881 610 942 vivant
623 897 693 942 sans
707 879 736 940 la
757 877 872 941 eldture
889 883 920 939 et
936 894 977 939 ne
996 877 1212 960 s’engageaut

219 991 232 1032 ι
257 969 363 1031 attico
378 987 437 1049 que
451 987 505 1048 par
522 969 576 1030 des
586 987 674 1032 roeux
688 967 811 1049 simples
826 965 996 1045 (Roccoltc,
1014 985 1047 1047 p.
1067 971 1165 1046 402).
1183 990 1196 1024 ι

258 1062 345 1120 aaut.
354 1061 430 1118 —20
444 1056 593 1120 Proiessio
607 1057 754 1138 extinguit
765 1057 869 1120 omnia
881 1061 948 1118 vota
961 1055 1051 1136 prius
1068 1057 1209 1118 emissa:

220 1149 259 1209 ita
274 1151 378 1208 tenent
390 1144 452 1208 lere
466 1163 585 1226 omnes,
608 1146 707 1228 inquit
720 1145 815 1209 Bouix
830 1143 896 1224 (ta,
918 1149 994 1206 tom.
1011 1148 1048 1222 2,
1070 1165 1110 1226 ρ.
1128 1151 1207 1209 497³.

220 1237 360 1297 Attamen
373 1234 438 1297 haec
450 1234 587 1298 doctrina
600 1254 663 1297 non
677 1241 723 1298 est
736 1234 861 1298 omnind
874 1239 975 1310 certa3
989 1239 1023 1296 et
1041 1235 1210 1314 probabile

219 1331 281 1398 est,
298 1323 394 1406 inquit
407 1323 507 1397 idem,
523 1324 624 1406 aliqua
637 1331 704 1386 vota
718 1324 750 1386 in
763 1322 874 1386 seculo
892 1321 970 1384 facta
982 1339 1048 1384 non
1064 1323 1207 1404 extingui

221 1413 310 1476 etiam
325 1433 379 1496 per
400 1413 568 1476 solemnem
583 1412 803 1475 professionem
820 1432 827 1473 ι
843 1411 955 1474 etenim
973 1418 1042 1472 rota
1056 1412 1129 1474 alia
1142 1432 1208 1476 sun.

221 1521 291 1566 cum
306 1505 390 1566 Statu
403 1501 543 1584 religioso
559 1501 782 1584 compossibilia
800 1506 834 1563 ut
855 1505 945 1563 certae
962 1499 1150 1578 orationes,
1165 1503 1206 1580 je

223 1591 315 1670 iunia,
330 1599 387 1655 etc.
401 1613 409 1668 ;
424 1592 482 1654 alia
495 1597 566 1654 sunt
578 1609 650 1654 cum
668 1590 776 1653 codem
790 1592 872 1653 Statu
894 1589 1166 1671 incompossibilia
1180 1599 1207 1652 ut

221 1689 289 1745 vota
304 1681 531 1764 peregrinandi,
546 1679 636 1743 dandi
649 1679 874 1761 eleemosynas,
889 1685 947 1742 etc.

262 1775 351 1835 2th.
360 1772 633 1833 Porrd2l⁰Gerturu
642 1775 687 1830 est
696 1767 1112 1850 votaiucornpossibiliacum
1124 1772 1204 1834 Statu

223 1861 382 1941 religioso,
397 1878 451 1941 per
465 1859 685 1920 Prolessionem
698 1857 850 1939 extingui:
867 1858 938 1938 quia
949 1863 1076 1933 votum,
1097 1865 1205 1922 namsi

225 1952 293 2021 sut,
311 1948 437 2010 includit
449 1947 654 2010 conditionem
668 1947 752 2028 qudd
765 1946 996 2026 majusbonum
1018 1963 1087 2008 non
1104 1949 1203 2030 impe

224 2035 303 2112 diat;
320 2042 436 2098 constat
458 2043 576 2112 autem,
596 2035 695 2117 inquit
717 2038 848 2114 Suarcz,
872 2035 969 2115 majus
991 2051 1059 2097 csse
1084 2035 1200 2100 bonum

224 2124 388 2206 Religionis
401 2126 492 2204 quam
507 2123 661 2204 quodlibet
674 2123 765 2186 aliud.

265 2217 353 2274 artt.
368 2247 409 2258 —
422 2216 453 2273 2⁰
477 2213 597 2274 Certum
621 2218 667 2275 est
689 2212 798 2294 pariter
819 2219 887 2276 uota
910 2230 981 2276 cum
1009 2213 1198 2294 professione

226 2300 445 2383 compossibilia
467 2301 600 2382 extingui
619 2319 674 2382 per
693 2320 781 2381 eam,
799 2301 888 2364 etiam
911 2303 943 2364 in
961 2302 1125 2384 Religione
1151 2305 1196 2366 ubi

227 2394 343 2453 lantiam
357 2391 533 2452 emittuntur
547 2397 613 2452 vota
627 2391 788 2472 simplicia,
804 2392 829 2453 si
844 2391 881 2452 sit
895 2391 925 2452 in
938 2393 975 2453 et
988 2393 1123 2455 essentia
1137 2399 1196 2456 Sta·

227 2483 275 2543 tus
289 2480 430 2562 religiosi,
445 2479 536 2542 modd
551 2479 591 2540 ita
604 2478 676 2540 velit
684 2481 827 2562 profitens
841 2498 853 2541 .·
865 2481 936 2562 qnia
950 2481 1120 2562 unicuique
1134 2485 1196 2546 licet

227 2579 328 2632 votum
343 2587 432 2632 suum
447 2569 575 2650 simplex
597 2567 629 2630 in
648 2569 756 2630 melius
777 2576 943 2633 mutare...
965 2572 999 2632 ln
1017 2569 1076 2632 hoc
1097 2577 1194 2634 tamen

228 2659 346 2724 adverte
369 2657 452 2741 qudd
476 2667 577 2720 votum
600 2657 787 2738 ingrediendi
810 2658 998 2739 Religionem
1019 2659 1194 2724 strictionem

227 2751 417 2830 extinguatur
430 2747 553 2829 quidem
568 2765 621 2828 per
635 2745 855 2808 Prolessionem
873 2749 905 2808 in
928 2746 1051 2824 laxiori,
1067 2750 1122 2812 sed
1137 2769 1192 2813 uon

228 2857 265 2899 ex
284 2839 352 2916 jure
366 2836 467 2899 divino
488 2843 538 2898 aut
552 2837 658 2898 natura
672 2833 888 2912 ProlessioniS,
903 2836 955 2898 sed
969 2854 1006 2900 ex
1021 2841 1106 2900 mera
1121 2840 1192 2920 juris

229 2926 343 3006 positivi
357 2925 570 3006 dispositione:
586 2923 757 3004 hujusmodi
768 2931 867 2986 autem
878 2925 1189 2991 Prolessioestillicitr.

228 3015 311 3094 juxta
324 3015 448 3089 Suarez,
464 3019 568 3074 contra
583 3015 614 3076 S.
636 3013 821 3074 Antoninum
835 3020 865 3074 et
876 3012 965 3090 alios;
981 3013 1061 3095 quod
1077 3017 1190 3096 probari

229 3107 326 3183 potest
345 3118 383 3163 ex
405 3102 550 3164 Decretali
574 3102 718 3166 Bonilacii
738 3103 802 3163 lllll
824 3102 894 3180 (Qui
909 3113 975 3184 post
988 3109 1136 3178 aetuans,
1154 3107 1190 3168 lle

230 3190 387 3271 Regulam,
403 3189 434 3251 in
449 3193 512 3268 do),
535 3190 732 3253 ubidicitur:
752 3191 838 3262 «Qui
861 3200 927 3272 post
949 3201 1050 3254 uotum
1070 3195 1087 3255 la
1108 3211 1142 3256 se
1157 3194 1191 3258 de

231 3281 349 3342 coorta
384 3279 538 3360 Religione
572 3281 740 3354 emissum,
775 3279 963 3360 Religionem
988 3282 1078 3344 aliam
1106 3285 1190 3344 etr'ain

231 3391 244 3431 ι
269 3368 413 3430 laxiorem
433 3367 599 3448 ingreditur
617 3377 646 3430 et
667 3368 823 3450 profitetur
844 3369 873 3430 in
891 3369 971 3450 ipsa,
990 3377 1105 3452 potest,
1128 3381 1191 3435 roto

234 3477 245 3513 ι
270 3455 481 3518 nonobstante
495 3455 554 3535 (cui
576 3461 721 3537 tanquam
740 3456 868 3539 simplici
892 3467 1055 3540 pernotum
1074 3459 1191 3524 solemne

232 3563 246 3598 ι
271 3543 404 3606 noscitur
416 3542 621 3625 derogatum),
636 3562 759 3608 manere
772 3544 851 3609 licita
863 3545 894 3608 in
907 3544 1034 3625 eidem
1055 3565 1109 3632 pro
1127 3557 1188 3615 vola
