2522 4028
477 253 563 302 aman
583 255 702 302 ramos.
1014 246 1068 305 atr

96 355 186 419 sime.
203 358 308 438 Neque
322 351 507 416 consuetudo
518 351 546 413 id
561 371 703 414 exerrsare
717 356 836 435 potest:
852 353 924 436 quia
938 355 1073 420 Pontifex

97 432 176 528 (cap.
194 446 276 507 Inter
288 443 418 520 dilector,
434 441 468 504 dc
482 439 582 503 ur'tdet
595 441 719 520 honest,
735 446 805 521 etc.)
820 441 900 506 illam
917 451 999 507 vocal
1014 465 1075 506 ror·

97 535 260 616 ruptelum,
282 531 408 616 proinde
421 532 505 594 omni
522 539 658 614 tempore
678 531 909 614 reprobandam.
933 533 975 616 (S.
992 535 1072 616 big,

98 623 156 700 ila,
168 633 201 686 n⁰
214 628 285 688 897.

140 713 242 786 Oualis
255 622 422 793 ingruentia
435 709 499 773 ludi
513 709 650 772 habenda
661 710 699 772 sit
708 716 740 773 ul
750 712 895 791 mortalis,
904 712 1073 776 hordonius

99 807 185 884 putat
199 820 264 866 esse
277 800 382 863 ludere
396 800 489 862 semel
504 800 535 862 in
546 797 755 878 hebdomadt3
771 800 822 864 sed
837 802 1000 884 lioncaglia
1013 820 1074 866 me·

98 893 160 954 rito
174 891 204 954 id
215 891 330 971 iudicat
344 890 436 952 nimis
450 889 592 971 rigidum.
609 890 652 970 (S.
668 889 788 970 Lignor.
803 939 811 968 ,
827 889 881 973 ib.)

140 984 229 1044 eost.
253 981 330 1043 Dicit
342 983 374 1040 2⁰
390 981 421 1042 S.
437 977 558 1060 liiguor.
574 978 638 1058 (ib.)
658 980 821 1042 sententias
839 1000 908 1062 quae
929 981 1074 1044 damnant

99 1067 140 1130 de
154 1070 271 1132 mortali
285 1069 409 1132 clericos
424 1069 496 1130 aleis
515 1067 672 1146 ludentes,
697 1087 758 1130 non
774 1070 935 1150 procedere
950 1070 1074 1134 inludis

99 1158 273 1221 chartarum
295 1177 363 1240 quae
382 1175 444 1218 non
466 1165 534 1220 sunl
559 1159 641 1218 mere
662 1159 767 1236 sortis,
793 1158 848 1220 nisi
868 1159 976 1222 alicubi
997 1168 1073 1222 esset

100 1247 238 1328 specialis
252 1247 423 1329 prohibitio,
439 1251 490 1308 aut
503 1244 619 1308 adesset
632 1245 818 1325 scandalum,
834 1267 921 1312 secus
935 1249 960 1312 si
975 1258 1074 1312 essent

100 1354 194 1398 merae
208 1335 346 1400 iortunae.

143 1429 232 1489 2085.
255 1427 289 1486 ln
305 1426 351 1486 his
372 1424 460 1487 etiam
489 1428 534 1485 est
558 1423 711 1505 pensanda
733 1423 900 1488 ludentium
921 1427 1071 1508 qualitas:

101 1533 174 1578 nam
188 1515 220 1576 S.
236 1514 357 1596 Lignor.
374 1513 436 1592 dib.
452 1517 487 1591 3,
503 1521 536 1574 n⁰
549 1516 618 1590 902)
633 1519 716 1594 putat
729 1513 908 1596 Episcopum
919 1516 1072 1580 ludentem

100 1605 174 1666 ludo
188 1621 279 1666 merae
293 1604 399 1678 sortis,
420 1603 509 1664 eliam
524 1602 635 1678 semel,
650 1601 694 1663 vel
719 1601 892 1684 frequenter
910 1605 975 1666 aliis
996 1606 1074 1670 ludis

100 1694 272 1756 chartarum
287 1711 348 1754 non
363 1691 490 1754 omnino
504 1690 648 1768 fortuitis,
663 1689 822 1754 difficulter
836 1712 924 1775 posse
938 1697 1071 1758 excusari

101 1782 216 1864 agrari
239 1783 396 1862 scandalo,
419 1780 545 1864 proinde
565 1782 582 1842 a
599 1780 680 1862 gravi
694 1787 835 1862 peccato:
853 1783 954 1864 plures
972 1791 1073 1848 tamen

100 1881 238 1933 auctores
262 1891 278 1933 a
305 1871 385 1952 gravi
411 1875 553 1933 excusant
571 1871 756 1952 Episcopum
776 1873 827 1954 qui
845 1873 937 1936 semel
958 1873 1073 1938 luderet

100 1965 191 2022 coust
207 1961 411 2042 recreationis.

141 2055 231 2114 2086.
249 2054 337 2128 item,
351 2053 434 2130 Juxta
449 2051 566 2134 piures,
580 2049 697 2112 laciliirs
711 2056 867 2132 peccatum
882 2052 979 2116 eradit
990 2073 1071 2118 mor·

101 2138 160 2201 tale
184 2140 305 2220 quando
329 2141 465 2202 indentes
489 2140 560 2202 aleis
579 2147 648 2202 sunt
662 2139 791 2220 religiosi
806 2139 974 2216 reformati3
990 2145 1072 2208 unde

102 2229 275 2309 lloncaglia,
288 2231 330 2290 De
340 2231 434 2309 hugo,
451 2235 521 2306 etc,
535 2235 639 2290 tenent
649 2229 731 2310 qudd
742 2231 902 2310 Capuccini
914 2279 922 2308 ,
933 2234 1069 2314 lesuitae,

102 2316 276 2380 liisealceati
290 2325 318 2380 et
333 2319 463 2394 similes,
478 2319 604 2399 graviter
619 2325 779 2400 peccarent
791 2320 883 2381 semol
897 2321 943 2382 his
958 2323 1071 2387 lusibus

102 2405 252 2483 ludendo,
269 2407 434 2488 praesertim
450 2409 473 2468 si
489 2409 519 2468 in
539 2407 601 2468 suis
620 2407 827 2488 Religionibus
840 2409 918 2470 viam
938 2409 983 2473 his
1004 2432 1071 2494 ape·

102 2495 205 2558 rireot.
222 2497 324 2569 Quoad
340 2497 495 2577 religiosos
514 2515 575 2557 non
595 2503 656 2558 tom
671 2503 759 2558 arctae
774 2497 985 2576 obseruantia,
1001 2521 1070 2581 pro-

102 2584 238 2646 babiliter
256 2586 312 2666 ipsi
335 2604 395 2646 non
419 2591 577 2666 perstarent
595 2586 737 2666 graviter,
759 2585 890 2647 ludendo
908 2589 996 2648 etiam
1012 2589 1070 2651 sro-

101 2681 246 2755 quenter‚
259 2675 290 2736 in
305 2674 424 2736 modicia
439 2681 538 2736 tamen
554 2674 730 2755 quantitate,
746 2673 897 2753 loquendo
910 2675 948 2736 de
961 2675 1070 2742 chartis

101 2781 162 2824 non
177 2781 269 2826 merae
283 2764 388 2844 sortis,
402 2764 464 2826 imo
480 2782 536 2826 neo
549 2763 720 2840 venialiter,
736 2763 759 2824 si
776 2762 906 2825 lacerent
919 2763 956 2826 ad
971 2768 1069 2829 solan-

100 2851 173 2914 dum
197 2851 353 2916 intirmum
373 2861 425 2916 aut
445 2853 560 2915 socium
580 2853 715 2913 tristem:
741 2869 803 2914 non
821 2855 891 2916 verb
909 2855 933 2916 si
953 2862 1068 2922 lantiam

101 2942 292 3004 recreationis
305 2947 414 3006 eausb:
430 2941 501 3024 quio
515 2940 579 3003 talis
589 2942 733 3004 recreatio
751 2949 795 3003 est
810 2963 864 3024 per
877 2961 909 3006 se
927 2944 1068 3011 indecens

101 3029 131 3091 in
146 3037 223 3092 statu
240 3031 379 3112 religioso
391 3080 400 3110 ,
414 3051 471 3094 nec
483 3030 700 3092 consuetudine
714 3031 780 3094 talis
798 3032 966 3096 indecentia
981 3039 1068 3100 coho

100 3120 209 3182 neslari
224 3127 331 3202 potest.
349 3121 389 3198 (S.
407 3121 541 3201 Lignea,
558 3119 609 3180 lib.
626 3123 663 3198 3,
680 3125 711 3181 n⁰
724 3123 807 3202 901.)

139 3211 228 3272 2087.
250 3211 319 3272 Non
333 3211 451 3272 tantirm
474 3209 546 3272 aleis
567 3209 671 3271 ludere
694 3210 889 3292 prohibetur,
911 3216 1067 3280 sedetiam

100 3298 236 3361 assistere
257 3298 447 3376 ludentibus,
472 3305 506 3361 ut
528 3297 656 3360 vidimus
676 3319 766 3382 supra
790 3302 934 3385 incapite
958 3305 1068 3370 Clerici

99 3388 222 3464 (9⁰81ss
238 3388 439 3450 communiter
452 3393 552 3449 tamen
568 3385 739 3466 buJusmodi
754 3391 919 3454 assistentia
935 3413 994 3455 non
1014 3396 1066 3459 lra-

98 3475 184 3536 betur
197 3475 236 3539 de
249 3493 281 3538 se
295 3483 327 3539 ut
340 3477 429 3557 culpa
443 3478 555 3557 gravis,
573 3476 629 3537 nisi
648 3485 824 3541 essetcausa
840 3480 901 3543 indi
916 3487 1064 3564 mortalis,

99 3563 152 3734 (epp,
162 3564 364 3722 ηὲςίίςεὶῗὲἶ
385 3566 520 3628 lusorum
541 3565 706 3642 correctio,
721 3573 779 3628 elo.
792 3571 881 3630 —lta
895 3573 925 3632 S.
943 3574 1063 3650 Lignor.

155 3695 162 3714 .
211 3665 271 3726 ,n·
324 3659 363 3712 '.
