2528 3996
221 271 280 337 aaa
441 285 578 334 usmete
598 283 696 330 sonus
716 281 798 328 tants
819 279 968 328 aaronica.

223 389 377 454 Parmensi
392 385 664 467 Hierosolymitano
686 381 856 446 Patriarcht
881 377 1085 444 abbreviatam
1110 381 1202 446 inisse

224 486 253 542 et
266 479 297 542 in
312 479 469 541 meliorem
482 474 621 537 ordinem
641 471 811 547 redactam:
825 477 909 532 tanto
928 471 1104 532 animorum
1127 481 1201 536 astu

224 567 391 650 agitabatur
404 562 605 628 controversia
614 568 648 624 ut
656 560 851 623 Innocentius
860 561 912 622 xu
924 565 1105 640 perpetuum
1114 561 1202 624 siten-

224 657 302 718 tium
321 655 402 718 circa
420 652 498 716 banc
520 652 718 734 quaestionem
747 649 804 710 sub
832 651 923 730 poent
953 652 1197 711 excommnnica-

225 746 315 806 tionis
330 742 516 825 imposuerit,
532 746 562 804 et
575 739 684 820 scripta
696 743 801 800 contra
814 755 878 800 suae
891 737 1119 799 Constitutionis
1134 759 1200 820 pro

226 833 403 896 bibitionem
436 829 552 894 edenda
591 829 622 890 io
656 826 757 890 Indice
792 825 939 888 librorum
978 825 1197 908 prohibitorum

227 921 420 983 annumerari
438 917 573 981 voluerit.
591 915 665 979 Vide
678 915 848 992 Dicitana„
863 915 975 991 Faber,
991 923 1022 974 v*
1041 915 1152 978 atcere
1166 920 1200 995 (te

228 1009 462 1086 Bieaireareua);
479 1013 509 1069 ct
521 1009 557 1068 R.
573 1005 611 1067 de
624 1007 679 1083 bb,
694 1011 769 1069 tom.
785 1008 815 1083 i,
831 1023 861 1086 p.
877 1007 1019 1066 513-511.

267 1099 355 1160 3120.
377 1095 492 1177 Regula
506 1096 540 1155 B.
564 1094 677 1156 Alberti
692 1093 855 1176 approbata
867 1091 924 1155 tuit
941 1091 979 1154 ab
999 1095 1139 1158 Honorio
1152 1101 1197 1161 llb

227 1187 361 1248 Decursu
374 1191 474 1248 autem
487 1184 642 1265 temporis,
658 1184 793 1264 mitigata
805 1181 862 1244 init
875 1200 928 1263 per
940 1182 1039 1245 varios
1053 1186 1109 1247 SS.
1126 1187 1187 1249 Pon

228 1273 341 1349 titrces,
357 1273 508 1354 vitamque
522 1272 706 1335 eremiticam
718 1271 748 1333 in
762 1269 973 1334 coenobiticam
988 1269 1045 1333 init
1062 1291 1197 1338 commu

228 1370 296 1424 tata.
309 1365 425 1439 Postea,
436 1360 610 1424 hortanteS.
620 1361 771 1436 Trieresta,
784 1359 820 1422 ad
831 1360 989 1441 pristinam
998 1363 1197 1428 austeritatem

230 1451 349 1512 reducta
370 1451 437 1512 tuit.
463 1449 549 1514 Unde
570 1449 659 1512 hodie
683 1449 714 1510 in
737 1449 888 1531 duptioem
915 1449 1041 1512 classem
1069 1453 1196 1535 religiosi

230 1540 394 1602 Carmetitae
416 1538 650 1620 distinguuntur,
674 1537 788 1600 scilicet
809 1538 840 1599 in
860 1537 1035 1600 Garmciitas
1054 1541 1198 1622 mitipata

229 1627 435 1702 observantie,
451 1635 480 1690 et
494 1627 667 1690 carmelites
680 1627 842 1688 strictioris
851 1625 1056 1702 observantie,
1073 1648 1127 1692 scu
1141 1633 1196 1694 dir·

228 1716 378 1778 calceatos.
395 1719 468 1778 Sunt
483 1715 571 1782 etiam
587 1717 751 1778 Carmetitae
771 1715 903 1778 eremita
925 1723 955 1778 et
973 1721 1193 1784 conventuales.

229 1805 303 1866 Virte
319 1804 452 1866 Prateet.
469 1804 504 1866 S.
521 1804 664 1885 Sntpitii,
678 1817 712 1866 n⁰
726 1807 795 1868 103.

268 1895 437 1956 :itit-V.
455 1893 531 1956 Ordo
546 1893 737 1954 Miairaorum
749 1912 761 1954 .·
775 1899 928 1956 auctorem
943 1894 1049 1960 habuit
1061 1899 1095 1960 S.
1111 1900 1193 1961 Fran-

229 1982 344 2044 ciscum
366 1985 409 2044 De
433 1981 539 2057 Pauli,
563 1983 613 2063 qui
638 1983 729 2043 ctiam
749 1982 884 2062 regulam
899 1985 1052 2064 propriam
1066 1989 1193 2070 proipso

228 2070 427 2132 concinnavit.
448 2071 519 2132 Haec
533 2071 635 2151 regula
649 2070 811 2152 approbata
832 2071 888 2133 init
901 2073 990 2135 simul
1003 2093 1075 2138 cum
1090 2077 1193 2140 Ordine

228 2157 266 2218 ab
282 2157 451 2222 alexandro
473 2159 522 2218 Vl.
547 2160 627 2220 Inter
653 2157 859 2223 Mendiaantes
885 2165 1049 2243 computati
1076 2165 1193 2229 bremt

229 2246 260 2306 S.
277 2245 330 2305 Pio
344 2246 381 2319 V,
393 2245 516 2308 Constit.
532 2247 720 2327 Apostolicoe.

267 2335 357 2394 3122.
373 2367 412 2377 —
427 2335 475 2396 VI.
493 2333 570 2396 Ordo
584 2335 757 2397 elericorum
772 2336 929 2400 Societatis
941 2338 1194 2407 terminabuntur

228 2419 285 2482 tuit
297 2423 315 2482 a
329 2424 360 2483 S.
377 2423 491 2502 ignatio
505 2423 573 2504 qui,
589 2441 670 2486 anno
686 2428 773 2497 1531,
786 2425 882 2506 prima
896 2428 989 2508 ipsius
1002 2427 1196 2494 fundamenta

228 2509 362 2588 Parisiis,
387 2511 418 2572 in
437 2512 538 2572 Monte
556 2513 738 2592 Martyrum,
761 2514 887 2594 posuit,
909 2523 938 2578 et
959 2517 1070 2581 deinde
1096 2521 1197 2584 Roma

228 2597 368 2678 perfecit3
383 2599 563 2681 approbatus
576 2598 632 2662 fuit
645 2603 661 2662 a
676 2601 770 2664 Panlo
783 2603 837 2680 111,
852 2609 1036 2684 mactito,
1052 2626 1125 2671 cum
1135 2629 1196 2672 res·

227 2685 363 2750 trictionc
389 2685 519 2769 quidam
543 2687 642 2769 quoad
666 2707 826 2752 numerum
842 2711 860 2768 3,
874 2692 927 2756 sea
948 2694 1096 2774 uadem,
1118 2717 1199 2761 anno

228 2777 305 2836 1513
317 2821 325 2852 ,
338 2775 377 2838 ab
391 2775 496 2840 eodem
510 2775 654 2839 Pontifice
668 2777 803 2842 absolate
825 2787 854 2842 et
876 2780 990 2864 absque
1009 2785 1199 2852 restrictione

227 2859 503 2928 iuitconbrrnatus.
1098 2945 1102 2950 ⁸

213 2993 218 3014 .
266 2951 362 3028 Hujus
374 2953 528 3016 societatis
541 2951 611 3027 tinis
623 2959 678 3030 est,
694 2971 757 3016 non
771 2955 870 3020 solum
884 2957 1199 3044 satutietperiectioni

226 3039 355 3119 propriae
368 3057 484 3117 vacare,
504 3041 556 3105 sed
570 3041 709 3124 impense
719 3043 805 3107 saluti
828 3052 859 3112 et
880 3047 1054 3128 perfectioni
1068 3053 1199 3121 ationem

216 3125 419 3202 ·incumbere;
439 3129 535 3191 tribus
553 3131 648 3209 rotis,
670 3150 738 3213 quae
756 3132 854 3197 solent
871 3135 903 3196 in
920 3135 986 3204 attis
1000 3139 1201 3223 religionibus

225 3213 338 3296 emitti,
354 3223 494 3295 quartum
509 3217 623 3280 addunt
635 3219 762 3282 Protessi
777 3222 919 3303 tesuitre,
936 3231 1047 3310 nempe
1058 3231 1200 3316 prompta

225 3301 388 3383 pergendi,
403 3304 493 3366 etiam
506 3307 571 3367 sinb
584 3305 688 3369 viatico
702 3308 725 3370 si
740 3315 892 3391 oporteat,
916 3315 1115 3400 quocumque
1133 3323 1201 3402 ius-

225 3389 295 3452 serit
318 3391 348 3452 S.
371 3391 516 3455 Pontifex.
543 3394 774 3476 Praedicationi‚
797 3397 983 3464 instructioni
1006 3406 1200 3488 juventutis,

225 3475 417 3542 missionibus
437 3481 527 3542 etiam
544 3483 624 3564 apud
644 3484 799 3564 infideles,
821 3494 851 3550 ct
868 3487 933 3552 otiis
955 3493 1099 3573 operibus
1125 3517 1200 3562 cum

226 3564 383 3646 multiplici
397 3567 494 3632 iructu
509 3569 697 3634 incumbunt.

266 3653 354 3744 3t23.
367 3689 410 3704 -
422 3658 485 3716 vti.
500 3657 577 3756 Sunt
596 3660 685 3721 etiam
702 3661 804 3742 plures
820 3663 886 3728 alia
907 3667 1027 3732 tamibae
1044 3672 1199 3756 religiosa
