2522 4028
463 235 547 286 ttonn
570 237 687 287 antuus.
1002 221 1055 290 tot

125 337 337 423 despondetur
350 340 431 422 quod
445 343 559 404 morsa
577 340 710 404 secundo
730 336 826 418 illata,
847 339 972 424 impedit
985 363 1060 420 ouo-

85 428 189 491 minus
201 437 414 492 consummata
429 428 516 491 luerit
531 432 548 492 a
563 430 682 512 priore;
698 431 789 512 porrd
811 431 1012 512 irregularitas
1026 453 1062 497 eo

84 521 205 580 tantirrn
224 526 380 582 momento
394 519 556 582 incurritur
566 539 628 600 quo
644 538 681 582 ex
692 519 815 582 vulnere
829 520 946 584 occisus
960 523 977 584 d
991 523 1063 588 rivis

85 605 216 670 decedit.
228 608 328 676 Unde,
343 608 451 670 sioutsi
462 607 523 671 duo
538 608 600 672 lerd
613 609 703 672 simul
712 609 1063 694 jacerentunusquisque

85 697 227 778 sagittam
235 700 296 778 qua
303 697 412 778 aliquis
420 696 816 769 homotransrcrheraretur,
832 700 1065 764 immunisesset

85 785 127 848 ah
146 785 366 868 irregularitate
379 785 428 848 ille
440 787 527 864 cuius
539 788 665 868 sagitta,
686 787 740 850 etsi
761 789 843 870 prius
863 789 991 862 emissa,
1007 791 1064 853 nisi

86 882 300 956 postmortem
315 875 488 954 hujusmodi
503 875 634 938 hominis
648 875 770 939 alterius
784 877 889 959 sagitto
912 887 1064 942 causatam

88 963 176 1026 illum
193 971 379 1046 percuteret;
394 965 435 1027 ita
449 965 479 1027 in
496 973 598 1028 nostro
611 983 693 1028 casu.

132 1057 221 1116 1822.
245 1055 368 1126 Ouaerit.
383 1059 414 1116 t·
434 1057 481 1114 An
496 1054 667 1135 irregularis
687 1053 844 1117 habendus
857 1054 895 1116 sit
917 1057 1065 1118 mandans

89 1152 142 1206 aut
155 1139 331 1220 consulens,
347 1141 481 1206 indubio
493 1162 532 1205 an
548 1143 722 1206 mandatum
736 1143 949 1208 reloonsilium
963 1143 1063 1222 luerit,

90 1234 137 1296 rel
150 1253 200 1308 nc,
216 1252 307 1296 causa
316 1233 419 1295 efficax
434 1232 608 1296 homicidii?

133 1326 223 1404 ltesp.
240 1323 486 1386 communiorem
503 1323 563 1384 ou.
575 1323 754 1385 sententiam
767 1323 934 1387 affirmare:
950 1325 1020 1405 atria
1034 1324 1065 1386 in

90 1413 188 1476 dubio
199 1413 390 1494 praesumitur
400 1411 575 1474 mandatum
589 1411 635 1474 vel
649 1412 809 1474 consilium
824 1431 913 1476 suum
926 1413 1065 1476 ellectum

92 1502 272 1585 produxisse
290 1501 461 1582 usquedum
486 1503 670 1564 contrarium
690 1501 843 1580 probetur.
864 1503 1010 1565 Praeterea
1030 1521 1066 1564 ex

90 1611 161 1672 cap.
178 1589 230 1654 Ad
240 1589 433 1664 audientium,
449 1590 480 1650 in
490 1588 583 1650 duhio
596 1588 763 1665 homicidii,
778 1590 869 1652 tutior
879 1609 947 1672 pars
961 1599 1003 1652 eat
1014 1590 1066 1652 eli·

91 1679 205 1764 gendo.
229 1681 278 1741 Est
291 1686 393 1742 tamen
411 1677 469 1740 alia
487 1677 635 1740 sententia
657 1693 772 1758 negans
790 1695 858 1758 quae
874 1680 907 1740 S⁰
930 1679 1068 1760 Lignorio

93 1769 304 1851 improbabilis
317 1787 380 1830 non
393 1767 528 1842 ridetur3
553 1767 628 1828 ratio
641 1767 713 1848 quia
728 1765 928 1848 irregularitas
943 1785 1004 1830 non
1019 1768 1066 1829 in·
1113 1817 1114 1822 1

91 1859 227 1922 curritur
242 1858 297 1919 nisi
312 1859 350 1920 sit
363 1874 503 1938 expressa
512 1857 544 1917 in
555 1855 641 1933 jure;
654 1857 723 1936 jura
736 1865 838 1919 autern
852 1855 1018 1939 loquuntur
1031 1856 1069 1920 dc

93 1949 133 2012 iis
152 1948 207 2030 qui
226 1949 307 2010 certo
320 1955 389 2011 sunt
403 1963 494 2009 causa
515 1944 688 2018 homicidii,
712 1945 884 2009 mandando
898 1946 943 2010 vel
962 1964 1070 2012 consu-

92 2038 206 2115 lendo,
221 2037 266 2100 rel
281 2039 333 2120 qui
347 2035 438 2099 dubie
452 2033 647 2096 homicidium
668 2031 878 2111 committunt}
895 2054 956 2097 non
970 2043 1069 2100 autom

91 2129 135 2192 de
150 2129 188 2188 iis
201 2126 252 2207 qui
268 2132 385 2188 tantum
397 2123 490 2187 dubie
501 2121 539 2186 ad
551 2121 624 2186 illud
635 2125 916 2203 concurrunt-(S.
932 2125 1067 2206 Liguor.,

92 2217 150 2278 lib.
162 2215 287 2294 nort.)

139 2308 229 2368 t823.
253 2304 374 2376 Quaerit.
389 2307 422 2366 5·
444 2305 490 2365 hn
505 2301 677 2382 irregularis
690 2301 742 2364 liat
755 2301 807 2384 qui
822 2307 925 2383 parato
938 2302 975 2365 ad
989 2304 1069 2368 occi·

93 2393 236 2456 dandum
258 2401 310 2454 aut
328 2390 527 2454 mutilandum
547 2391 676 2452 consulit
689 2399 722 2453 ut
735 2395 852 2454 tantiam
867 2393 1029 2473 percutiat,
1045 2393 1069 2456 si

95 2503 136 2548 ex
151 2482 344 2564 percussione
359 2499 440 2543 mors
453 2488 504 2542 aut
518 2481 663 2542 mutilatio
675 2479 842 2562 sequatur?

138 2574 231 2654 Resp.
256 2570 414 2651 Negatirc‚
438 2569 463 2632 si
486 2569 544 2632 hoc
565 2568 616 2630 liat
639 2587 701 2631 non
720 2567 829 2631 intuitu
850 2574 901 2630 aut
921 2569 1070 2633 desiderio

96 2659 319 2744 percussionis.
340 2657 391 2722 sed
407 2659 506 2740 potiirs
520 2665 553 2719 ut
575 2658 613 2720 ab
633 2657 797 2720 homicidio
820 2657 865 2717 vel
887 2657 1071 2722 mutilatione

96 2750 270 2815 retrahatur
292 2747 473 2830 percutiens.
514 2739 573 2801 Sed
602 2745 773 2827 irregularis
793 2751 871 2807 essct
894 2745 945 2826 qui
960 2745 1069 2810 volenti

97 2841 194 2904 aliurn
210 2837 361 2912 occidere,
384 2853 473 2919 opem
494 2835 585 2898 terret
602 2833 640 2898 ad
663 2833 823 2897 secandam
839 2851 973 2896 manum.
997 2835 1071 2900 Vide

98 2931 215 3005 (tollet,
231 2925 312 3010 apud
327 2925 413 2990 Cure.
428 2925 574 3008 complet„
591 2931 665 2986 tom.
683 2927 736 3000 tt,
748 2942 778 3006 p.
793 2927 862 2987 292.

100 3057 193 3118 tuat.
211 3051 413 3134 Propositio3.
430 3085 469 3098 -
483 3053 550 3113 Non
564 3049 727 3112 incurritur
740 3047 941 3129 irregularitas
950 3057 1070 3133 propter

138 3142 339 3206 homicidium
358 3141 441 3202 merc
461 3139 601 3216 casualc3
631 3145 751 3221 propter
773 3137 969 3200 homicidium
998 3141 1070 3204 rard

141 3231 263 3295 casuale
285 3232 413 3294 mixtum
433 3227 516 3310 quod
534 3228 572 3290 sit
593 3227 757 3290 mortaliter
777 3227 945 3308 culpabile,
965 3228 1070 3292 incur-

141 3321 229 3384 ritur.

141 3439 312 3528 Proposttio
333 3445 448 3506 constat
461 3459 497 3504 cx
512 3439 607 3504 (ilem.
625 3440 664 3504 Si
682 3441 830 3520 furimus,
844 3440 880 3504 de
896 3441 1065 3519 homicidio,

103 3554 171 3619 cup.
195 3533 408 3616 Presbyterum
421 3536 458 3600 Ἰ.
476 3537 506 3593 ct
518 3549 585 3614 cap.
600 3530 722 3593 loram
736 3533 790 3602 2³.
804 3529 839 3593 de
852 3530 1024 3607 dornicidr'03
1038 3537 1068 3595 et

105 3630 267 3690 etcertum
281 3617 630 3683 communiterhahctur.
645 3618 732 3682 Ratio
744 3626 791 3682 eat
802 3618 883 3690 oudd
897 3635 986 3699 poena
999 3635 1066 3695 gra-
