2534 3996
507 255 593 302 arnan
613 257 730 306 antuus.
1044 244 1099 304 351

134 358 198 413 tum
217 351 270 432 qui
283 349 392 414 dicitur
412 351 631 431 Gregorianus,
646 357 674 414 et
688 351 724 414 ad
740 349 768 414 id
783 369 870 434 posse
890 353 1027 434 compelli
1049 371 1103 436 per

132 441 317 522 Episcopum
331 441 373 517 (S.
393 442 555 520 Congreg.,
575 440 654 522 apud
672 441 820 514 Ferraria,
835 450 865 502 νο
891 440 1099 522 Canonicntuc,

132 535 188 590 art.
206 532 254 605 ll,
276 537 308 590 n'
327 533 375 607 ta)
394 550 401 589 r
417 528 528 592 suflicit
541 535 640 590 tamen
660 529 742 610 qudd
763 529 881 591 valeant
900 531 1019 611 explere
1033 551 1101 614 quae

133 615 302 679 necessarid
313 617 492 680 incumbunt
504 617 651 699 cujusque
665 619 843 680 ministerio.
855 617 976 682 Videt).
990 621 1099 700 Bouix,

134 704 178 767 lla
193 704 306 788 capit,
323 725 354 788 p.
370 709 439 769 323.

172 797 260 858 2319.
274 795 353 858 Nota
367 794 450 878 quod
462 794 500 857 ad
512 795 691 877 Capitulum,
708 815 769 858 non
779 795 848 858 verb
858 795 896 858 ad
905 799 1098 882 Episcopum,

132 885 280 964 pertineat
298 884 404 948 electio
420 885 550 966 Magistri
565 885 691 967 Capellae
705 891 735 948 et
747 886 942 950 musicorum.
961 891 1004 951 lta
1017 893 1101 954 Scar-

132 973 303 1052 lanlonius,
318 991 367 1055 ap.
383 974 496 1051 Bouia,
512 973 566 1051 iu,
581 994 613 1055 p.
628 977 698 1036 325.

170 1064 309 1144 Insuper,
324 1065 364 1125 ait
376 1063 646 1145 Ceccoperiusb‘b,
658 1085 687 1146 p.
704 1067 793 1142 326);
813 1066 1100 1154 «Quandocumque

130 1172 146 1210 n
171 1169 319 1233 organum
335 1153 402 1215 bote
416 1153 495 1215 canit
509 1152 539 1213 in
553 1153 689 1235 hymnis,
701 1155 841 1232 canticis,
857 1162 927 1233 etc,
940 1159 1024 1236 juxta
1038 1161 1101 1224 Cra-

131 1261 146 1298 n
172 1242 406 1320 rememorant
422 1242 511 1304 etiam
526 1243 556 1304 in
578 1243 714 1324 psalmis,
728 1244 810 1322 juxta
824 1247 1026 1328 praescriptam
1042 1252 1098 1312 Ec-

131 1353 146 1388 n
172 1330 329 1393 etesiarum
342 1329 592 1394 consuetudinem
603 1381 610 1404 ,
622 1333 788 1394 alternatim
801 1352 871 1394 cum
885 1334 992 1412 choro,
1003 1339 1099 1401 Gano-

132 1442 147 1478 n
173 1419 231 1481 nici
255 1420 295 1481 ibi
315 1419 492 1495 cilimanico,
514 1427 548 1482 ut
568 1421 746 1483 satisfaciant
768 1431 916 1503 praecepto
941 1423 979 1485 de
998 1427 1099 1492 divino

131 1533 146 1568 a
171 1509 270 1570 officio
285 1509 399 1590 integre
413 1509 586 1585 recitanda,
602 1509 712 1570 debent
726 1509 858 1591 aliquem
871 1510 1030 1592 deputare,
1047 1519 1097 1598 qui

131 1621 146 1656 n
172 1597 285 1660 ibidem
298 1597 437 1660 distincte
446 1598 539 1659 etalte
551 1599 723 1679 pronuntiet
732 1617 800 1679 quae
813 1598 851 1660 ab
864 1608 1097 1680 organocantari

131 1711 146 1746 n
173 1687 351 1768 ligurantur,
362 1687 408 1748 vel
419 1705 455 1749 ea
469 1685 565 1767 quivis
574 1686 611 1748 de
621 1686 713 1748 choro
727 1691 886 1769 suppressa
895 1707 966 1751 voce
979 1691 1094 1754 dicat.»

171 1779 261 1840 2320.
286 1779 374 1860 Resp.
391 1779 423 1838 3⁰
438 1775 541 1849 Quoad
556 1793 659 1857 pannas
673 1776 709 1836 iis
722 1776 774 1856 qui
791 1775 978 1857 culpabiliter
990 1779 1099 1844 absunt

131 1867 146 1927 ir
162 1865 253 1928 choro
270 1865 482 1948 imponendas,
493 1875 608 1928 certum
619 1872 662 1927 est
674 1884 681 1925 :
695 1867 791 1928 l⁰ltos
805 1883 866 1926 non
881 1865 988 1928 lucrari
1003 1868 1098 1931 distri-

130 1955 269 2018 butiones
287 1955 452 2018 manuales.
473 1977 488 2013 α
500 1954 729 2016 Distributiones
742 1955 812 2015 verd
830 1954 938 2035 (inquit
951 1956 1096 2038 Trident,

130 2068 144 2102 n
171 2062 242 2107 sess.
259 2050 314 2123 24,
330 2063 358 2108 c.
376 2047 422 2123 ta)
437 2043 489 2126 qui
510 2044 592 2106 statis
612 2042 693 2105 horis
712 2041 917 2119 interfuerint,
933 2045 1094 2128 recipiant;

129 2155 145 2192 n
171 2134 297 2217 reliqui,
314 2134 418 2217 quavis
441 2133 607 2198 collusione
627 2139 679 2194 aut
696 2131 871 2195 remissione
894 2134 1031 2214 exclusa,
1052 2137 1097 2198 bis

129 2245 144 2284 a
170 2232 333 2287 careant.»

173 2335 189 2372 n
209 2315 275 2376 Non
291 2313 391 2378 nrinus
400 2318 515 2377 certum
525 2317 569 2374 est
578 2329 696 2375 nunc...
709 2312 780 2391 (eos)
789 2329 850 2374 non
860 2309 969 2374 lucrari
983 2313 1097 2380 tructus

128 2423 143 2464 a
168 2403 341 2466 Praebendae
364 2410 394 2466 et
414 2402 510 2464 tenori
531 2401 568 2463 ad
590 2403 817 2463 restitutionem.
833 2401 946 2463 concil.
962 2404 1094 2468 Trident.

127 2513 144 2553 n
168 2493 271 2555 statuit
283 2491 321 2555 de
336 2492 445 2554 talibus
459 2491 539 2573 ipsos
552 2491 650 2572 primo
664 2508 745 2551 anno
759 2487 919 2572 privandos
932 2509 997 2552 esse
1010 2493 1098 2555 dimi-

128 2605 143 2644 n
168 2581 217 2644 dia
232 2587 314 2664 parte
334 2580 506 2656 fruetuum3
523 2579 655 2642 secundo
673 2597 753 2640 anno
776 2578 919 2640 omnibus
933 2579 1077 2644 tractibus
1084 2603 1094 2661 ;

127 2695 142 2730 n
167 2671 254 2734 tertio
274 2689 355 2734 anno
375 2668 601 2753 procedendum
625 2674 730 2730 contra
752 2667 833 2748 ipsos
856 2668 939 2746 juxta
965 2687 1097 2732 canones

127 2785 143 2819 n
167 2759 274 2840 (ibid).
296 2759 383 2825 Unde
403 2758 622 2821 concludebant
641 2758 809 2818 Canonistae
827 2773 879 2818 eos
901 2775 962 2819 non
977 2759 1096 2838 spoliari

128 2873 143 2907 n
168 2850 267 2912 statim
281 2852 298 2912 a
311 2851 395 2929 jure,
411 2847 463 2910 sed
477 2849 592 2909 tantum
607 2852 675 2928 post
687 2845 880 2920 sententiam;
897 2845 949 2908 sed
973 2847 1096 2912 interve·

128 2961 143 2998 a
168 2941 211 3000 nit
225 2939 317 3002 Breve
335 2937 448 3001 Dilecta
457 2937 524 3020 fili,
541 2933 654 2998 Bened.
675 2937 752 3011 XlV,
769 2938 805 2996 ta
817 2935 935 3014 januar.
952 2940 1029 3000 tila
1042 2938 1097 3002 du-

129 3050 144 3089 n
170 3027 256 3091 bium
269 3047 360 3092 omne
374 3027 530 3089 dirimens.
542 3027 577 3087 ln
587 3025 674 3087 illo...
684 3025 820 3086 statuitur·
830 3027 968 3107 expresse
978 3045 1029 3088 eos
1043 3030 1095 3109 qui

125 3139 142 3178 n
167 3119 199 3181 in
213 3117 305 3181 choro
316 3137 372 3178 non
390 3123 497 3178 cannot
512 3133 573 3176 non
586 3114 681 3176 lacere
694 3111 806 3175 tructus
816 3131 896 3176 suos.
913 3118 992 3196 Ergo
1006 3119 1022 3177 a
1036 3117 1096 3178 brr-

126 3232 142 3268 n
166 3203 1096 3286 tioriidemdicendumdeiisquinonintersunt.nbabilonia

125 3298 182 3379 (Dc
196 3296 296 3379 Cupit.
306 3316 337 3377 p.
346 3299 425 3375 3l3).
436 3295 488 3357 His
498 3293 659 3358 concordat
671 3294 703 3355 S.
719 3292 839 3371 Liguor.
851 3292 913 3371 (lib.
925 3295 954 3364 3,
965 3296 999 3353 n⁰
1012 3297 1093 3374 675).

165 3389 255 3450 2321.
279 3385 426 3448 Omnibus
435 3383 527 3446 divini
540 3383 629 3446 otlicii
644 3381 725 3443 horis
739 3381 880 3443 interesse
894 3389 1034 3444 tenentur
1044 3385 1096 3446 Ca·

126 3477 249 3554 nonici,
264 3481 295 3538 et
307 3475 430 3557 insuper
443 3473 585 3537 donciani
599 3479 734 3553 tempore
748 3470 989 3552 Quadragesimae
999 3479 1028 3532 et
1038 3472 1095 3534 nd-

124 3571 232 3630 ventas
246 3565 368 3644 (Bouix,
383 3563 437 3642 ib,
462 3583 492 3644 p.
518 3561 610 3640 3ll.).
626 3563 659 3622 ln
675 3559 767 3622 Gallia
780 3568 881 3622 tamen
894 3567 1014 3641 propter
1029 3561 1095 3622 exi-

125 3673 221 3736 guum
230 3652 452 3718 Canonicorum
463 3667 641 3728 numerum,
652 3649 684 3712 in
693 3647 843 3730 plerisque
855 3647 997 3731 Capitulis
1006 3694 1013 3728 ,
1023 3649 1094 3710 sola
