2534 3996
489 288 575 334 braun
597 290 713 337 ramus.
1029 278 1086 334 :ssu

158 393 248 453 2279.
273 387 394 462 Quaerit.
409 391 442 450 2·
459 387 502 449 dd
517 407 607 470 quem
621 388 659 451 de
680 391 747 468 jure
764 389 920 452 communi
941 390 1088 470 pertineat

120 479 358 582 Gpnpnicatuum
372 485 401 540 et
415 477 644 540 Praebendarum
663 477 827 540 collaticia
842 477 976 542 Ecclesia
997 477 1088 540 Colle·

122 568 252 829 ῖωῑιξερ.
272 654 349 719 Huic
371 654 526 736 quaestioni
549 654 660 737 pariter
679 653 771 718 luisse
792 653 976 718 satisfactum
999 672 1089 738 supra

135 751 173 808 45
207 787 216 808 .

535 873 614 937 ΛΒΤ.
638 874 685 937 lll.

341 1019 379 1065 ns
399 1016 640 1064 oauroarronnsus
662 1016 881 1067 canonicoauu.

164 1154 254 1215 2280.
277 1147 496 1212 Canonicorum
517 1147 713 1227 obligationes
728 1146 893 1228 respiciunt
905 1146 951 1208 rel
965 1147 1092 1227 Episco-

125 1259 218 1324 pum,
233 1235 280 1300 vel
292 1237 426 1299 divinum
440 1235 576 1298 Officium
588 1241 617 1296 el
631 1235 874 1298 servitiumchori
889 1283 896 1312 ,
912 1235 956 1296 rel
970 1235 1091 1296 Missam

126 1326 361 1390 Conventualem
374 1371 383 1403 ,
398 1325 443 1388 vel
467 1323 650 1386 auditionem
670 1323 851 1386 concionum
867 1325 897 1384 in
915 1323 1049 1384 Adventu
1063 1327 1093 1386 ct

126 1415 378 1496 austregisilus,
400 1415 446 1476 vel
465 1412 675 1488 residentiam,
696 1411 741 1473 rel
761 1412 954 1474 emissionem
977 1412 1091 1493 proies-

126 1505 221 1569 sionis
242 1503 332 1580 fidei,
355 1503 401 1565 vel
422 1503 618 1564 assistentiam
638 1499 854 1581 capitularibus
876 1499 1093 1562 deliberationi·

128 1595 200 1671 uus,
215 1593 261 1656 vel
276 1592 509 1674 acceptationem
523 1591 672 1652 rariorum
687 1606 849 1649 munerum
866 1588 1008 1670 Capituli:
1024 1607 1092 1670 quae

128 1682 232 1746 omnia
245 1682 276 1743 in
290 1681 483 1763 sequentibus
495 1678 687 1761 paragraphis
702 1676 915 1758 expendemus.

579 1859 633 1941 tl·

130 2005 176 2067 De
188 1999 412 2086 obliputtcnt'dus
427 1999 636 2064 Candelabrum
650 2018 718 2080 erpa
730 1998 908 2080 Episcopum
920 2045 928 2076 ‚
938 2017 987 2060 seu
999 1997 1033 2060 de
1043 1998 1094 2080 ju·

358 2097 441 2161 ribus
453 2098 593 2180 Episcopi
602 2117 672 2177 erpa
688 2095 869 2178 Capitulum.

517 2276 668 2334 PUNCTUlll
688 2279 707 2336 Ι.

185 2399 313 2456 ouem
333 2397 507 2445 uoboutrtca
529 2398 692 2444 coemuntur
712 2399 868 2445 TENEATUR
888 2399 1036 2447 Exnrauult

539 2486 680 2533 Episcopo.

173 2611 261 2670 228l.
284 2605 404 2680 Quaerit.
435 2610 465 2669 l⁰
494 2608 637 2679 Ouaenam
662 2604 827 2666 honorilice
851 2605 1017 2667 exhibenda
1038 2607 1097 2668 sint

132 2697 282 2778 Episcopo
289 2695 388 2778 quoad
401 2695 526 2758 locum?

173 2787 263 2866 Reep.
282 2784 465 2866 olipiscopis
475 2803 492 2862 ‚¹
507 2784 605 2865 inquit
624 2781 830 2844 Tridentinum
845 2780 927 2861 (sess.
942 2786 995 2849 25.
1013 2801 1040 2846 c.
1056 2786 1096 2866 6,

134 2895 150 2932 o
174 2872 207 2934 de
221 2873 373 2952 reform),
389 2872 500 2955 ubique
511 2873 534 2934 is
549 2872 644 2934 bonor
656 2871 803 2932 tribuatur
816 2870 866 2951 qui
881 2889 985 2934 eorum
1000 2871 1098 2955 digni·

133 2983 149 3020 a
175 2963 224 3024 tati
242 2981 297 3044 par
319 2969 380 3040 est,
402 2963 506 3042 eisque
521 2962 550 3022 in
568 2961 660 3023 choro
674 2967 703 3022 el
717 2959 746 3020 in
761 2960 916 3040 capitulo,
931 2961 962 3023 in
977 2980 1098 3043 proces·

134 3071 150 3109 n
174 3050 309 3114 sionibus
322 3057 352 3112 et
365 3051 429 3113 aliis
442 3050 556 3112 actibus
570 3049 712 3132 publicis,
724 3048 765 3109 sit
776 3049 873 3130 primu
884 3050 960 3112 sedes
973 3060 1002 3112 et
1023 3051 1100 3115 locus

134 3159 150 3198 n
175 3157 267 3220 quem
282 3139 335 3220 ipsi
349 3139 511 3222 elegerint,
527 3147 557 3200 et
576 3137 729 3220 praecipua
741 3137 878 3200 omnium
892 3157 994 3200 rerum
1008 3159 1099 3221 agen·

134 3249 150 3287 a
174 3228 282 3290 darum
296 3230 462 3291 auctoritas.
478 3247 493 3286 n
514 3228 585 3289 Vide
598 3226 676 3289 dicta
690 3245 779 3306 supra
801 3227 888 3304 (tuta
902 3275 909 3302 ,
925 3232 1010 3307 etc).

175 3321 265 3380 2282.
281 3317 315 3378 Ei
330 3315 456 3379 debetur
473 3315 668 3378 baldachinus
682 3333 772 3391 unns,
782 3323 831 3376 aut
846 3316 934 3378 etiam
949 3317 1059 3398 plures,
1076 3317 1100 3379 si

135 3406 239 3487 plures
252 3405 376 3488 elegerit
384 3406 469 3468 sedes
477 3404 514 3467 ad
522 3405 616 3468 varias
624 3403 802 3466 lunationes.
816 3404 888 3466 Vide
900 3423 989 3486 supra
1000 3410 1098 3484 (1075,

180 3583 225 3645 ad
238 3582 365 3645 dubium
383 3600 449 3645 ann
463 3583 611 3664 Episcopo
621 3583 802 3645 Pontificalia
812 3583 972 3652 exercenti,
983 3599 1102 3660 cumpe-

137 3690 154 3732 ι
177 3677 220 3733 tat
232 3671 358 3736 retentio
372 3669 541 3732 baldachini
563 3689 617 3733 seu
640 3671 810 3735 Ontbraculi
830 3671 919 3734 etium
940 3669 1059 3750 pretiosi
1072 3675 1102 3730 el
