2528 3996
443 229 528 280 crarta
549 225 667 281 enrdbs.
983 209 1040 289 5))

111 331 198 394 3031.
222 334 346 396 Frustra
368 333 551 413 objiceretur
571 334 747 414 Superiores
773 353 862 418 posse
883 341 1046 423 praecipere

75 418 1043 502 ultraregulamsaltemraticoejurisdictionisecclesiasticas:nam

75 511 233 591 respondet
256 513 394 574 Suarez:
420 534 436 570 r
459 513 611 574 Materiam
636 512 725 592 hujus
743 514 959 592 jurisdictionis
984 537 1045 582 non

75 621 89 656 r
113 617 199 680 posse
226 600 345 662 extendi
379 601 457 664 ultra
484 601 638 664 materiam
666 603 923 666 accommodatam
957 610 1044 672 strui

75 711 89 748 a
113 697 265 771 assumpto
280 689 443 770 Religionis
456 696 485 752 et
506 689 684 752 obedientiae
704 693 874 773 promissae,
889 694 960 776 quia
974 715 1046 778 snp-

76 799 90 836 n
115 777 197 857 ponit
218 779 297 841 hanc
315 785 458 858 tanquam
479 778 684 842 conditionem
708 782 919 846 necessariam.
941 806 956 844 o
983 785 1047 864 (lle

78 865 186 948 ltettp,
203 874 276 929 tom.
294 872 325 944 l,
341 867 393 929 lib.
404 871 433 939 E,
450 887 517 950 cap.
533 871 564 946 3,
577 878 610 929 ηο
625 869 687 946 13.)

114 957 385 1038 30221npoenam
402 963 503 1018 tamen
528 957 627 1019 delicti
646 957 799 1020 commissi
821 960 923 1022 autad
938 981 1043 1044 praeca

79 1042 203 1106 rendam
223 1043 402 1120 recidivam,
417 1052 514 1126 potest
535 1046 678 1128 Superior
697 1047 830 1129 aliquam
845 1051 1044 1114 austeritatem

79 1133 108 1194 in
128 1133 229 1213 regula
250 1152 312 1196 non
332 1134 584 1215 comprehensam
598 1135 766 1216 imponere,
780 1137 823 1198 uti
847 1138 1042 1201 communiter

78 1222 137 1284 bb.
148 1227 267 1296 tenenl;
283 1222 334 1284 sed
350 1223 407 1286 hoc
421 1223 639 1286 reduetiresub
654 1224 757 1306 regula
770 1226 1046 1308 comprehenditur.

78 1309 150 1373 Vide
168 1311 271 1386 Bouix,
288 1313 331 1374 Dr
345 1311 502 1392 Repetam,
517 1319 591 1374 tom.
608 1320 638 1385 2,
655 1333 685 1394 p.
701 1317 847 1376 rea-raa.

117 1403 205 1463 3023.
222 1401 252 1463 Si
268 1419 359 1464 causa
372 1401 469 1483 gravis
482 1402 631 1482 postulet,
647 1401 788 1482 Superior
803 1409 898 1484 petest
915 1405 1050 1468 subditos

77 1489 210 1570 obligare
223 1489 312 1552 eliam
327 1507 397 1552 cum
413 1491 546 1572 periculo
561 1491 646 1566 vitae3
663 1511 691 1551 v.
713 1511 757 1571 g.,
777 1491 800 1552 si
819 1491 909 1553 irater
929 1502 1050 1574 aegrotet

79 1579 390 1661 morbo-contagioso,
408 1580 551 1642 Praelatus
570 1579 732 1662 praecipere
746 1585 841 1660 potest
858 1581 960 1656 alteri,
977 1591 1010 1644 ut
1022 1584 1049 1645 ei

80 1667 228 1730 ministret
245 1667 334 1730 etiam
350 1685 422 1730 cum
441 1668 574 1751 periculo
592 1670 675 1741 vitae;
692 1668 763 1729 item
781 1675 876 1748 potest
891 1671 1052 1750 praecipere
1117 1712 1122 1720 κ

79 1755 218 1838 religioso
238 1763 273 1820 ut
291 1764 411 1819 nraneat
429 1757 460 1818 in
481 1757 663 1819 nronasterio
683 1757 761 1818 aeris
779 1756 956 1838 intemperie
968 1757 1051 1820 labo·

78 1853 175 1920 rante,
193 1845 285 1908 m'odd
300 1865 360 1908 non
376 1863 411 1908 ex
426 1846 496 1908 odic
509 1851 561 1908 aul
575 1845 713 1927 passione
725 1845 782 1907 boc
792 1845 907 1923 jubeat.
980 1881 983 1888 ·

119 1937 209 1997 attat.
227 1936 398 2016 Requiritur
412 1941 512 1996 tamen
526 1929 562 1996 'ut
573 1952 622 1996 res
636 1936 680 1996 sic
693 1942 862 2016 praecepta,
877 1934 935 1997 sub
947 1934 1053 2017 regate

77 2022 186 2084 saltem
200 2023 352 2086 reductive
365 2023 639 2106 comprehendatur
654 2043 662 2084 ι
680 2040 750 2084 nam
764 2025 901 2104 superior
920 2042 980 2085 nen
996 2044 1050 2106 po-

78 2118 136 2173 test
150 2111 223 2194 quid
240 2112 279 2174 ab
298 2112 435 2175 Instituta
449 2112 581 2174 alienum
604 2111 790 2194 praecipere:
809 2130 837 2174 v.
863 2130 893 2193 g.
910 2113 1052 2194 Superior

77 2201 294 2264 carthusianus
313 2220 375 2264 non
394 2209 492 2284 potest
509 2201 615 2280 jubere
633 2219 689 2264 suo
702 2199 820 2263 subdito
838 2210 871 2263 ut
883 2201 1052 2265 transfretet

79 2305 153 2351 cum
167 2291 385 2372 periodeuta,
396 2289 485 2352 etiam
496 2289 534 2352 ad
545 2289 770 2372 praedicandum
785 2289 970 2353 infidelibus:
981 2293 1052 2374 quia

79 2377 143 2440 hec
157 2385 201 2442 est
214 2380 348 2441 alienum
358 2379 396 2441 ab
410 2379 547 2441 instituto
561 2380 590 2441 S.
610 2379 769 2441 Brunonis.

122 2471 212 2530 3025.
224 2503 264 2515 -
276 2475 309 2530 t⁰
325 2467 355 2530 Si
369 2469 585 2530 monasterium
601 2485 662 2528 non
676 2469 715 2528 sit
727 2473 902 2547 exemplum
914 2513 923 2544 ,
937 2471 968 2530 el
979 2485 1052 2530 con-

79 2557 173 2620 traria
186 2558 363 2640 praecipiant
375 2556 518 2639 Superior
531 2561 562 2619 et
579 2555 766 2638 Episcopus,
781 2556 956 2636 religiosus,
970 2554 1052 2615 ordi·

77 2647 167 2709 narii
181 2646 337 2729 loquendo,
351 2654 470 2709 tenetur
482 2644 635 2728 Superiori
654 2643 776 2706 obedire
789 2646 821 2704 tn
836 2644 873 2704 iis
886 2661 953 2723 quae
966 2659 1053 2724 spec·

78 2743 148 2799 tant
161 2735 199 2798 ad
213 2737 347 2818 regulam
364 2756 373 2798 r
389 2736 471 2798 iniis
490 2737 561 2798 verb
574 2752 642 2817 quae
660 2739 796 2814 spectant
808 2731 847 2794 ad
864 2731 1052 2814 disciplinam

76 2825 334 2902 ecclesiasticam,
349 2825 497 2907 Episcopo
511 2823 634 2886 obedire
647 2821 746 2884 debet.

123 2915 261 2978 Diximus
288 2913 439 2977 ordinarie
469 2912 629 2994 loquendo:
651 2910 722 2994 quia
744 2910 836 2974 etiam
869 2909 959 2973 iniis
985 2929 1053 2992 quae

76 3013 220 3088 spectant
234 3005 370 3086 regulam
381 3011 531 3065 teneretur
548 3001 704 3083 religiosus
718 3001 867 3082 Episcopo
880 2998 1012 3068 obedire,
1027 3001 1052 3063 ei

76 3095 139 3158 iste
159 3095 190 3156 in
213 3095 317 3176 regula
335 3099 435 3176 posset
455 3091 629 3172 dispensare
649 3097 680 3152 et
701 3089 909 3152 rationabilem
930 3107 1052 3151 causam

75 3184 219 3248 baberet.
235 3185 377 3247 Decisum
394 3185 413 3244 b
430 3182 463 3243 S.
484 3179 596 3263 Congr.
615 3178 705 3242 relert
718 3179 849 3242 Ferraria
867 3189 908 3252 tv·
931 3177 1051 3255 Votum,

75 3281 142 3338 art.
158 3278 188 3346 2,
205 3277 239 3334 n⁰
253 3275 318 3352 33).

124 3363 339 3445 Superioribus
357 3360 504 3425 contraria
526 3357 787 3443 precipientibus,
801 3357 959 3440 religiosus
979 3355 1052 3420 obc-

74 3452 152 3516 dire
174 3454 344 3526 teneturei
367 3455 419 3534 qui
444 3454 589 3531 majorem
616 3451 820 3516 auctoritatem
844 3447 946 3518 habat,
967 3465 995 3508 v.
1020 3466 1050 3529 g.

74 3543 263 3608 Provinciali
279 3544 470 3624 potiusquam
484 3539 637 3624 Superiori
649 3539 734 3604 locali
748 3585 756 3622 ,
771 3547 828 3602 etc.
841 3535 930 3618 (Vide
945 3537 1050 3616 Beuix,

76 3633 140 3707 ab„
156 3651 188 3716 p.
203 3635 287 3710 435.)

205 3753 235 3802 τ,
250 3753 286 3800 11,
922 3735 956 3791 tt
