2522 4028
167 188 227 253 280
387 207 526 253 canuam
546 207 649 254 rorrus
668 207 750 253 rums
771 205 919 252 canonrcr.

167 330 180 367 ι
205 295 385 385 detulerint,
400 326 455 390 per
468 309 699 390 suspensionem
713 306 752 370 ab
764 293 937 379 ordinibus,
952 323 987 366 ac
1002 303 1110 366 cilicio
1122 309 1152 366 et

167 419 180 456 a
206 397 405 474 beneticio...,
428 415 565 470 necnon,
587 397 611 458 si
635 396 728 459 semel
749 395 898 476 correpti,
913 393 1018 456 denuo
1040 395 1073 455 in
1096 393 1154 456 boc

168 509 181 544 o
207 485 408 567 deliquerint,
421 488 512 548 etiam
527 504 580 568 per
595 487 793 568 privationem
807 483 975 548 ciliciorum
989 489 1024 545 et
1039 481 1156 544 beneti-

168 597 182 634 o
207 575 323 638 ciorum
338 574 510 654 hujusmodi
532 576 664 638 coerceri
688 575 804 657 possint
816 593 853 636 ac
865 573 1013 650 debeant,
1032 571 1155 634 Consti·

168 687 183 724 o
208 665 354 727 tutionem
375 664 538 727 Clementis
558 666 594 740 V,
611 664 643 726 in
666 663 801 726 Concilio
820 662 986 724 Viennensi
1012 661 1157 736 editam,

169 776 183 814 u
208 771 278 836 quae
292 753 395 836 incipit
410 753 574 828 Quoniam,
590 752 763 815 innovando
778 757 809 813 et
821 750 1008 833 ampliando.
1028 773 1047 808 n

208 845 296 905 tito.
321 841 495 904 Cavendum
517 849 620 904 tamen
641 845 715 904 esta
736 841 831 902 nimio
846 843 966 922 rigore,
981 839 1157 922 praesertim
1242 865 1243 868 ¹

170 932 332 994 acensuris
346 931 408 1012 ipso
419 931 499 1012 facto
512 931 722 993 decernendis.
741 929 827 994 Unde
841 927 1159 1009 Sacra'Congregatio

171 1021 310 1096 Conciiii,
322 1020 352 1082 in
367 1025 458 1082 causa
467 1019 645 1102 Spolctand,
659 1025 696 1082 16
707 1019 837 1099 ianuarii
854 1023 950 1094 1161,
965 1018 1158 1080 declararit:

176 1132 190 1168 c
213 1109 258 1170 Ab
274 1108 376 1194 lidicto
391 1109 529 1192 Episcopi
549 1109 692 1172 delendas
713 1127 779 1172 esse
797 1117 903 1170 contra
923 1107 1157 1170 inobedientes:

172 1197 346 1260 »videlicet
368 1197 468 1280 quoad
496 1199 686 1272 sacerdotes,
716 1216 822 1280 peenas
847 1198 1061 1279 suspensionis
1091 1197 1161 1278 ipso

172 1309 186 1345 r
211 1285 288 1350 iacto
309 1288 518 1362 incurrendae;
543 1287 643 1369 quoad
667 1287 815 1360 ciericos,
839 1304 960 1369 poenam
983 1285 1070 1367 quod
1097 1303 1159 1346 non

172 1399 187 1435 o
213 1377 329 1458 possint
350 1379 518 1459 promoveri
538 1376 576 1439 ad
596 1377 724 1439 Ordines
743 1378 867 1452 Sacros,
889 1394 946 1437 nec
963 1375 1085 1439 admitti
1122 1373 1160 1436 ad

172 1489 188 1525 u
212 1465 408 1544 beneficia...;
428 1475 458 1529 ct
472 1467 538 1529 loco
552 1465 761 1548 praedictarum
776 1483 934 1546 poenarum
959 1463 1160 1528 mulctandos

173 1578 188 1615 a
213 1573 315 1619 esse...
332 1557 406 1618 etin
429 1555 598 1619 subsidium
616 1573 705 1636 poena
725 1554 931 1636 suspensionis
952 1561 981 1616 et
1000 1552 1159 1615 irterdicti

67 1707 70 1716 ,
175 1669 188 1705 n
213 1645 345 1709 ierendae
362 1646 529 1709 sententiae.
554 1643 689 1726 nttpud
712 1645 748 1704 D.
775 1643 891 1720 Bonis,
914 1643 958 1706 De
981 1643 1157 1725 Episcopo,

174 1743 248 1798 torn.
263 1741 300 1814 2,
341 1738 447 1814 .33“1.)

213 1828 302 1886 2111.
318 1756 442 1896 guerit.
453 1827 485 1885 2⁰
503 1826 547 1884 tn
560 1823 688 1905 graviter
697 1833 822 1905 peccent
832 1823 933 1884 clerici
942 1821 1083 1886 habitum
1098 1822 1159 1886 cle·

175 1913 298 1976 ricalem
313 1911 581 1974 nondeierentes?
980 1950 989 1980 ,
1241 1915 1242 1918 ’

215 2002 305 2082 ltesp.
322 2004 353 2062 i⁰
365 2003 455 2063 iuxta
468 2001 650 2062 sententiam
663 1999 918 2076 communiorem,
933 2017 996 2064 non
1011 2009 1156 2083 peccent,
1243 1989 1244 2074 i

176 2091 267 2152 etiarn
290 2089 460 2162 venialiter,
485 2089 586 2152 clerici
614 2089 776 2166 minores,
806 2091 858 2152 sed
879 2089 1073 2170 privilegium
1098 2091 1156 2153 lori
1241 2097 1243 2134 ³

177 2181 332 2253 amittunt,
347 2179 371 2241 si
385 2187 542 2242 tonsuram
555 2187 586 2241 ct
598 2188 710 2242 restem
732 2179 900 2242 clericalem
921 2187 1039 2261 gestare
1055 2179 1155 2262 negli—
1243 2185 1244 2272 l

178 2276 263 2350 gant,
277 2269 361 2347 juxta
374 2267 452 2330 dicta
466 2287 558 2350 supra
577 2271 666 2346 (1680
680 2277 710 2330 et
725 2271 822 2346 1661).
1241 2285 1243 2354 ¹,

218 2357 427 2420 resistitur
451 2361 521 2419 verb
542 2357 574 2419 in
597 2356 755 2420 ordinibus
778 2357 965 2440 sacris,·aut
982 2357 1155 2423 beneficiati

179 2448 260 2510 certe
275 2453 400 2530 peccant
410 2445 538 2528 graviter
553 2467 561 2508 ε
578 2446 622 2509 uti
637 2453 735 2528 potest
747 2447 846 2529 colligi
861 2465 898 2509 ex
913 2447 1012 2510 verbis
1026 2449 1153 2512 concilii
1241 2491 1243 2514 i

178 2536 343 2600 Tridentini
351 2536 550 2599 moddrelatis
564 2542 593 2599 ot
605 2536 707 2598 multis
717 2535 793 2598 aliis
803 2535 1088 2619 (Videibeoiogiant
1099 2543 1154 2602 Το-

179 2627 325 2704 losanaur,
340 2626 537 2708 Deditipot,
548 2625 869 2709 pars2,dissertatini,
880 2629 973 2698 crt3,
983 2635 1084 2690 statut.
1099 2631 1153 2706 11.)
1242 2675 1243 2712 ,

220 2717 360 2780 Lirnitant
373 2724 474 2778 tamen
488 2717 548 2778 DD.
574 2722 603 2778 ct
623 2713 745 2797 quidem
766 2714 1022 2796 probabilissime:
1040 2718 1070 2777 11
1084 2719 1107 2780 si
1124 2715 1152 2779 id
1242 2717 1243 2720 ’

181 2806 233 2869 liat
245 2808 282 2868 ad
298 2806 385 2866 breve
395 2811 529 2886 tempus:
542 2804 598 2866 nisi
614 2803 681 2884 quis
701 2798 770 2866 ideo
784 2803 920 2866 habiturn
933 2803 1096 2868 dimitteret
1105 2806 1149 2868 vel

182 2895 344 2956 occultaret
363 2893 400 2954 ad
418 2893 492 2956 alios
505 2892 713 2974 decipiendos,
729 2891 775 2954 rel
798 2899 832 2954 ut
855 2892 947 2954 libere
969 2911 1022 2974 per
1042 2895 1152 2975 plateas

182 2981 385 3046 deambularet
402 3001 410 3041 :
426 2982 508 3044 unde
525 2983 618 3045 utana
632 2999 693 3043 non
709 2989 832 3043 excusat
845 2983 863 3043 t
877 2983 994 3043 mortali
1009 2983 1150 3047 clericum

183 3071 235 3154 qui
250 3072 281 3133 in
297 3069 526 3133 bacchanalibus
540 3079 711 3134 excurreret
725 3071 853 3133 larvatus
871 3089 925 3152 per
939 3071 1058 3135 urbem.
1241 3089 1243 3100 ·

223 3160 364 3224 Limitant
377 3164 409 3222 2⁰
422 3159 445 3220 si
461 3159 539 3222 adsit
549 3161 630 3240 justa
637 3177 728 3223 causa
740 3207 748 3236 ,
758 3179 786 3222 v.
803 3179 845 3242 g„
860 3160 898 3222 ad
910 3161 1061 3224 vitandam
1071 3179 1150 3228 mor·

186 3259 264 3327 tem,
278 3250 324 3313 vel
337 3265 426 3331 grave
440 3247 599 3310 damnum.
616 3251 659 3328 (S.
675 3250 821 3330 liguen,
838 3249 888 3310 lib.
905 3253 943 3326 6,
959 3261 992 3312 n⁰
1006 3255 1064 3313 bas
1080 3253 1091 3334 )

224 3341 366 3402 Limitant
379 3341 412 3400 31
432 3337 455 3400 si
479 3337 517 3399 sit
535 3337 565 3399 in
589 3337 714 3413 itinere,
732 3337 822 3400 modo
839 3337 958 3401 babitus
972 3339 1010 3400 sit
1022 3339 1149 3416 doceam

186 3429 250 3504 sed,
258 3430 349 3492 etiam
357 3427 388 3490 in
398 3428 515 3506 itinere,
528 3445 588 3489 non
598 3427 687 3489 debet
695 3427 835 3490 sacerdos
843 3427 994 3490 celebrare
1004 3429 1151 3493 sinerestc

187 3518 283 3580 talari.
307 3516 383 3578 Vide
405 3515 598 3597 'theologiam
621 3515 800 3576 Tolosanum
822 3515 965 3577 citantem
986 3517 1150 3581 Concilium

190 3605 411 3681 mediolanense
426 3609 524 3684 1568,
541 3607 682 3701 Aquense
697 3607 775 3674 lusu
789 3602 892 3696 tibist,
907 3621 938 3698 q.
954 3605 1011 3694 b).
