2528 3996
185 211 245 276 ddt
406 223 542 272 uerutus
562 221 662 270 rorrus
682 219 764 267 runis
784 218 933 265 oenomai.

225 331 258 390 4⁰
274 325 387 390 Clerici
395 323 621 405 reputoressunt
634 320 764 402 religiosi
778 319 962 403 pertinentes
975 317 1013 380 ad
1027 321 1179 403 Congre-

186 417 321 500 getiones
342 431 474 496 quorum
498 411 634 474 membra
647 410 686 474 ad
699 409 820 474 ordines
834 410 1002 490 pmmoreri
1015 410 1124 472 solent
1142 419 1181 476 ut

186 525 272 569 sacro
286 505 451 566 ministerio
466 501 652 564 incumbant.

226 599 259 656 5ο
280 591 476 656 Meudicontes
486 597 556 654 sunt
569 589 698 671 religiosi
713 589 784 670 qui,
799 607 837 651 ex
849 587 990 670 primaria
1004 590 1061 650 sua
1076 589 1178 653 insti-

186 684 314 758 tutione,
330 682 409 744 bona
425 679 590 742 immobilia
603 679 693 741 otiam
708 677 739 740 in
760 676 916 740 communi
930 675 1088 759 possidere
1106 697 1177 744 nou

188 779 343 856 poterant,
357 771 486 854 ideoque
499 767 699 852 eleemosynis
713 765 967 830 sustentabantur.

641 925 702 1007 ξι.

327 1056 372 1120 Ile
387 1052 546 1119 Ordinibus
559 1051 796 1136 contemplativis
806 1071 856 1115 seu
868 1051 1026 1117 monacbis.

226 1209 316 1270 3106.
332 1239 371 1252 -
384 1206 408 1266 Ι.
425 1203 545 1284 Relipio
557 1201 593 1264 S.
608 1200 732 1265 Basilii.
748 1202 779 1265 S.
796 1201 922 1264 Basilius
937 1201 1067 1282 primam
1085 1203 1175 1268 tneor

188 1296 306 1376 regulas
315 1293 493 1376 approbatas
506 1293 691 1373 composuit,
706 1309 788 1354 anno
797 1293 865 1354 360.
877 1291 953 1354 Vide
966 1310 1033 1372 cap.
1050 1295 1172 1359 Perni-

187 1387 313 1462 cioscm,
328 1403 356 1446 c.
373 1387 422 1461 l8,
438 1402 469 1464 q.
485 1385 515 1445 Ξ.
532 1381 672 1462 Religiosi
687 1379 776 1460 hujus
790 1380 917 1443 lnstituti
933 1383 1023 1444 vitam
1048 1384 1173 1446 beorn

188 1475 300 1537 morcio
319 1473 478 1536 hominum
493 1479 679 1551 segregatam
692 1470 827 1546 ducunt,
842 1471 991 1533 exercitiis
1005 1471 1073 1534 ritas
1087 1492 1171 1536 con·

187 1564 364 1646 templatirae
378 1562 543 1644 praesertim
567 1559 766 1635 incumbunt;
782 1559 876 1621 labori
890 1569 992 1622 tamen
1009 1579 1170 1626 ¹mauruuur

188 1663 216 1718 et
230 1652 435 1736 corporalibus
448 1647 709 1712 exercitationibus
723 1655 843 1730 tempus
856 1667 1025 1731 congruum
1040 1652 1169 1733 impen-

187 1743 273 1806 dunt.
293 1742 358 1804 lmd
379 1741 410 1802 in
433 1739 520 1802 certis
534 1737 708 1820 regionibus
722 1739 810 1800 etiam
825 1757 910 1800 sacro
928 1737 1116 1816 ministerio,
1134 1751 1169 1805 ut

188 1833 218 1895 in
233 1831 358 1894 Polonie
371 1847 403 1892 se
417 1833 567 1891 exercent.
585 1828 674 1890 Pauci
685 1845 812 1890 numero
826 1827 857 1889 in
871 1827 1006 1890 Ecclesia
1015 1829 1167 1894 Occiden-

187 1915 257 1998 toli,¹
282 1919 504 1983 numerosiores
531 1923 601 1980 sunt
628 1917 659 1978 in
683 1917 848 1994 Orientali3
873 1915 925 1996 sed
948 1935 1010 1980 non
1032 1921 1164 1982 omnind

188 2007 587 2089 constatabipsisobservari
597 2005 685 2068 hodie
695 2007 889 2088 antiquamS.
901 2005 1001 2069 Basilii
1011 2007 1163 2090 regulam,

188 2117 256 2180 quae
270 2097 454 2180 probabilius
466 2095 586 2157 nonnisi
602 2097 633 2157 in
648 2096 740 2177 ipsius
749 2095 891 2178 operibus
905 2095 1077 2160 authentici
1091 2097 1165 2180 legi

188 2194 246 2249 tur.
266 2185 439 2259 videliet,
455 2187 491 2246 R.
507 2183 545 2245 de
558 2185 612 2255 M..
629 2192 703 2247 tom.
720 2189 748 2257 l,
766 2206 796 2267 p.
811 2188 882 2248 sat.

227 2279 316 2338 3107.
333 2308 371 2321 ·-
395 2275 431 2336 ΙΙ.
454 2273 571 2354 Relipio
593 2275 628 2337 S.
655 2274 836 2338 Benedicti:
853 2275 976 2339 alteram
997 2295 1034 2340 er
1049 2277 1165 2359 regulis

187 2363 403 2447 approbatisab
413 2363 544 2426 Ecclesia
560 2367 637 2446 (cap.
655 2364 863 2443 Perniciacum]
876 2367 1046 2448 composuit
1061 2369 1093 2430 S.
1111 2369 1165 2432 Bo

188 2455 325 2518 nedictus
339 2471 393 2537 pro
407 2454 747 2536 norelteligionequam
763 2453 793 2515 in
809 2463 912 2516 monte
925 2455 1078 2518 cassinate
1093 2458 1164 2520 lun·

187 2545 283 2624 davit,
299 2561 380 2607 anno
402 2543 608 2619 circinando,
628 2549 658 2604 et
680 2563 749 2625 quae
771 2563 824 2627 per
843 2544 957 2607 ltaliam
974 2551 1165 2628 caeterasque

187 2635 329 2698 Ecclesioe
337 2633 476 2715 regiones
483 2649 554 2694 mox
563 2631 618 2694 luit
631 2631 834 2696 disseminata.
842 2633 988 2716 Proprius
995 2634 1165 2717 Religionis

188 2723 390 2787 Benedictinae
403 2723 481 2785 siout
494 2727 524 2784 et
536 2719 754 2802 discipulorum
765 2725 795 2786 S.
808 2723 908 2785 Basilii
918 2721 986 2786 linis
998 2730 1045 2788 est
1056 2743 1162 2806 perso-

188 2815 264 2876 nalis
286 2813 553 2896 perlectio'eorum
572 2811 624 2892 qui
648 2809 729 2873 illam
749 2811 940 2895 profitentur,
955 2815 1162 2896 comparanda

187 2921 241 2982 per
255 2902 354 2964 media
368 2902 434 2964 vitae
456 2900 629 2963 monasticae
643 2901 889 2980 accommodata,
904 2901 1031 2984 proinde
1049 2921 1163 2970 mona-

187 2991 280 3054 cbalis
293 2997 338 3052 est
351 2997 380 3052 et
394 3007 455 3052 non
470 2990 591 3072 proprie
604 2989 762 3053 clericalis.

227 3083 316 3142 3108.
339 3079 402 3141 Sub
425 3079 528 3162 regula
550 3080 582 3142 S.
606 3079 758 3143 Benedicti
782 3080 948 3145 militarunt
970 3081 1034 3146 lere
1050 3101 1160 3146 omnes

187 3167 317 3250 religiosi
329 3168 471 3230 Ecclesiae
484 3168 681 3232 Occidentalis
695 3189 791 3252 usque
805 3169 842 3232 ad
857 3171 1003 3234 saeculum
1017 3175 1159 3236 inono

187 3268 287 3322 autem
308 3257 435 3334 saeculo,
453 3257 583 3319 relaxate
610 3259 672 3338 jam
701 3259 776 3322 forte
798 3261 985 3323 observantia
1005 3263 1157 3338 regulari,

187 3346 377 3430 multiplicari
400 3349 536 3428 ooepere,
554 3346 773 3412 reformationis
795 3352 904 3428 causa,
920 3351 1001 3414 varia
1022 3353 1161 3416 instituta

186 3436 389 3500 Benedictinae
402 3437 514 3518 regulae
528 3436 664 3499 addicta:
680 3439 724 3500 sic
736 3455 818 3501 anno
831 3443 907 3518 913,
923 3441 1057 3504 instituta
1071 3442 1160 3506 luite

187 3527 218 3587 S.
234 3527 373 3589 Bernone
387 3532 418 3589 et
431 3528 462 3588 S.
479 3525 583 3588 Odone
604 3525 719 3608 Religio
738 3528 958 3608 cluniacensis,
978 3531 1066 3609 cuius
1086 3532 1160 3596 celi·

187 3613 261 3681 siosi
275 3623 386 3678 restem
401 3615 517 3688 nigram
540 3615 631 3676 instar
652 3616 860 3691 religiosorum
878 3621 910 3681 S.
931 3619 1032 3682 Basilii
1047 3620 1158 3686 indue·
