2522 3996
222 249 262 310 50
358 281 362 288 -
398 274 400 278 -
440 257 576 306 aurorae
595 256 696 306 carras
716 257 798 306 auara
818 257 967 306 arnamar.

222 363 293 424 hant
309 357 488 421 domicilium
507 357 610 419 stcictt
626 356 755 425 dictam.-
770 355 800 417 id
820 363 865 419 est
888 356 948 418 hhc
961 359 1109 418 venerunt
1122 375 1192 419 cum

222 449 387 512 intentione
417 445 605 508 manifestata
629 446 669 508 ibi
692 447 838 528 perpetuo
856 444 1063 508 commorandi
1078 445 1102 506 si
1118 445 1193 506 nihil
1249 505 1250 526 ¹

222 544 367 612 avocaret,
383 535 427 598 vel
443 534 483 596 ihi
501 534 606 596 decern
620 535 708 597 annis
723 541 910 606 manserunt,
927 552 989 596 non
1006 532 1193 596 manifestata
1249 533 1250 570 l

221 627 388 690 intentione
402 624 461 687 alic
473 623 639 688 remeandi.
656 621 731 686 Vide
749 623 860 700 Bouix,
878 623 923 685 lle
938 621 1051 696 ladio„
1068 629 1142 684 tom.
1160 629 1191 696 1,

222 736 243 802 p
262 811 294 868 2·
309 804 366 866 alii
386 802 497 866 habent
514 801 821 887 occasi-domicilium:
841 819 895 863 seu
916 799 957 862 ibi
979 806 1104 862 manent
1122 819 1193 865 cum

223 886 1190 975 intentionecommorandipernotabiletempus,qualeestmajor

223 1001 292 1066 pars
306 983 396 1058 anni,
411 981 591 1044 etdieuntur
604 980 717 1042 iocata.

263 1074 294 1134 3ο
308 1071 362 1132 atii
375 1069 509 1133 habitant
523 1071 717 1153 temporanee
731 1067 1034 1132 etdicunturadocaa
1046 1085 1101 1132 seu
1111 1089 1195 1152 pere

226 1161 321 1244 arini3
338 1167 481 1222 vocantur
495 1167 595 1222 autem
616 1159 685 1240 oapi
707 1157 828 1239 quando
843 1155 949 1220 nullibi
970 1157 1082 1219 hebent
1100 1158 1194 1219 domi-

225 1251 328 1310 cilium
341 1249 385 1310 vel
395 1248 686 1330 quasi-domicilium.
699 1246 772 1309 Vide
787 1249 928 1328 Loqueux
943 1247 1195 1328 (essars-Aliquis

226 1339 315 1400 simul
330 1345 426 1420 potest
435 1337 544 1399 habere
558 1335 666 1398 alicubi
679 1335 860 1397 domicilium
874 1341 904 1397 et
920 1335 989 1397 alibi
1002 1335 1194 1417 quasi-domi·

225 1428 343 1502 cilium,
358 1435 410 1489 aut
421 1425 579 1507 simplicem
593 1424 804 1486 habitationem
820 1443 828 1485 r
844 1423 903 1486 hoe
915 1429 997 1505 patet
1015 1442 1050 1485 ex
1065 1425 1196 1505 praelatis

225 1515 460 1578 delinitionibus.

266 1606 319 1668 llis
329 1605 502 1687 praemissis,
511 1602 785 1686 juraparochorum
795 1603 874 1664 cirea
882 1607 1139 1664 sacramentorum
1147 1604 1197 1666 ad·

227 1695 496 1770 ministrationem,
512 1693 662 1774 sigillatim
676 1709 881 1773 exponamus:

267 1788 355 1847 1350.
376 1818 415 1829 -
436 1788 466 1845 1ο
490 1781 591 1858 Quoad
611 1781 797 1862 Baptismam
823 1800 830 1841 :
856 1786 996 1842 tenentur
1020 1779 1195 1863 parochiani

228 1891 335 1955 pueros
358 1890 429 1934 suos
449 1871 486 1933 ad
507 1868 678 1951 parochiam
697 1887 784 1931 suam
807 1869 999 1951 baptizandus
1012 1869 1142 1940 deferre,
1167 1877 1197 1933 et

226 1961 410 2044 probahiliirs
422 1960 513 2022 etiem
527 1959 578 2020 ubi
589 1957 699 2020 hahent
712 1957 994 2040 quasielonriailium
1008 1958 1039 2020 in
1050 1977 1111 2040 quo
1125 1966 1195 2022 actu

226 2050 375 2125 habitant;
399 2049 585 2130 graviterque
595 2053 723 2128 peccant
740 2049 807 2128 qui,
823 2047 936 2128 absque
950 2047 1068 2110 licentia
1082 2051 1196 2130 proprii

227 2139 363 2221 parochi.
375 2140 406 2200 in
416 2138 514 2200 aliena
527 2135 667 2219 parochia
680 2136 862 2217 baptismum
875 2135 940 2198 lieri
955 2145 1127 2218 procurant.
1139 2140 1195 2210 Oui

226 2230 296 2290 vero
312 2247 367 2290 nce
383 2226 563 2289 daniciliam
584 2244 641 2288 nea
659 2224 945 2306 quasi-domicilium
958 2225 1085 2300 habent,
1101 2225 1197 2308 bapti·

226 2317 284 2378 zari
298 2323 424 2398 possunt
437 2315 488 2378 ubi
503 2315 616 2377 volunt.
633 2315 664 2374 S.
681 2313 816 2394 Liguor„
832 2313 883 2375 lib.
901 2317 931 2390 6,
943 2322 976 2374 n⁰
988 2319 1055 2376 111.

266 2407 386 2467 Naviter
399 2404 437 2467 ad
455 2403 547 2466 iidem
566 2403 716 2478 conversi,
734 2403 765 2463 in
787 2401 930 2483 parochia
943 2403 975 2464 in
988 2405 1050 2484 qua
1062 2403 1193 2487 degeam,

226 2503 297 2557 aunt
309 2493 399 2556 etiarn
413 2491 590 2575 baptizandi.

267 2582 411 2646 Sacerdos
432 2583 482 2663 qui
504 2589 587 2642 extra
613 2599 716 2643 casum
741 2581 940 2658 necessitatis,
964 2579 1108 2644 infantem
1129 2584 1195 2648 sint

226 2673 338 2755 proprii
358 2672 480 2754 parochi
499 2670 618 2732 licentii
632 2670 778 2751 baptizat,
795 2669 958 2731 mortaliter
975 2679 1092 2752 peccat.
1109 2679 1139 2734 et
1152 2673 1197 2735 in·

226 2765 320 2824 currit
332 2779 474 2824 censuras
486 2766 591 2822 contra
602 2759 856 2840 usurpantesjura
865 2758 990 2820 aliarum
1000 2759 1193 2830 aeclesiarum

226 2849 310 2913 tatas.
333 2848 455 2922 Giratdi,
470 2867 519 2930 ep.
540 2850 577 2909 D.
599 2847 693 2910 Bouix
713 2846 778 2924 (ih.
798 2867 829 2928 p.
844 2849 925 2924 151).
942 2846 1084 2910 Sufficere
1099 2859 1197 2932 potest

227 2939 346 3001 licentia
360 2945 552 3021 praesumpta.
569 2937 601 2999 S.
616 2937 738 3017 Lignor.
756 2935 819 3014 (lib.
836 2939 870 3012 6,
888 2935 962 3012 115,
979 2943 1039 2999 not.
1057 2939 1104 3015 ll).

270 3027 336 3090 oSi
364 3029 472 3090 mulier
498 3043 569 3088 casu
589 3024 733 3106 paulatin
754 3041 832 3105 paga
855 3041 917 3086 nan
940 3041 1009 3097 sua,
1035 3027 1135 3107 proles
1157 3028 1196 3090 ab

225 3140 243 3180 a
264 3117 344 3180 itlius
357 3117 425 3198 pagi
437 3115 620 3198 parochoest
634 3111 807 3194 baptizanda
818 3130 827 3174 a
837 3119 1043 3176 verumtamen
1053 3113 1077 3175 si
1090 3114 1197 3200 illepa·

227 3229 243 3269 o
267 3200 1196 3288 guspariumdistaretapagoproprio‚v.g.‚daahusveltribus

226 3318 244 3358 ι
266 3294 363 3368 horis,
384 3301 479 3377 potest
498 3291 638 3374 baptizari
661 3290 761 3372 proles
786 3289 877 3352 etiarn
894 3289 927 3352 iu
948 3289 1074 3354 ecelesia
1093 3297 1191 3356 sua.»

226 3387 270 3449 lta
282 3387 314 3448 S.
331 3383 450 3466 Liguor.
467 3381 533 3461 (lib.
550 3383 583 3452 6,
600 3387 634 3440 n·
650 3383 731 3457 lll.)

267 3477 356 3537 1351.
369 3507 405 3517 -
416 3475 448 3534 2⁰
468 3468 569 3544 Quoad
577 3469 759 3530 Poeoitemtioe
769 3471 1032 3534 sacrameatcmtcvi
1042 3473 1133 3538 officii
1147 3477 1194 3539 sui
1247 3533 1248 3544 ,

227 3561 376 3645 parochus
385 3558 625 3640 jurisdictionem
636 3558 699 3638 sori
708 3557 916 3623 iatemthabet
926 3561 958 3622 ia
977 3559 1029 3622 aad
1038 3565 1192 3644 parochia,
1247 3545 1248 3616 Ῐ

228 3648 423 3730 recolligitur
436 3645 599 3709 attonat.
614 3645 747 3708 Trident.
761 3646 846 3726 (sess.
858 3651 908 3724 2³,
920 3667 985 3727 cap.
1000 3653 1048 3724 15,
1058 3649 1093 3710 de
1106 3653 1189 3723 rest:
1247 3673 1248 3714 v
