2522 3996
452 265 539 312 aaran
559 256 679 310 antuus.
1011 243 1047 307 ta

123 361 264 426 Liberum
278 360 483 443 estlipiscopo
502 366 606 423 contra
624 355 771 441 parochos
783 363 814 421 et
826 375 932 422 omnes
946 375 1050 423 curam

87 453 253 515 animarum
268 450 410 512 habentes
431 451 483 532 qui
504 467 566 512 non
580 448 725 518 resident,
742 447 902 529 procedere
920 450 980 510 sive
998 467 1051 530 per

86 540 330 603 substractionem
345 539 496 602 lructuum
509 585 517 612 ‚
528 539 588 600 sive
602 556 656 619 per
674 555 832 614 censuras,
848 536 908 598 sive
927 555 980 618 per
994 537 1052 619 pri·

85 632 230 692 vallonem
246 629 396 692 banclicii.
412 630 454 690 lta
468 629 561 690 Conc.
575 627 707 688 Trident.
724 627 814 698 (Sess.
831 628 881 700 23,
892 643 959 706 cap.
979 629 1007 700 1,
1018 632 1055 688 de·

86 718 163 799 resi.
177 751 218 764 -
232 717 436 800 Excipiendus
449 723 550 778 tamen
566 716 681 778 videtur
695 732 782 776 casus
805 733 866 775 non
886 714 1053 777 residentiae

86 813 215 888 tempore
228 808 333 889 pestis.
354 808 386 869 S.
410 807 444 867 C.
459 807 565 882 (lonc,
588 807 607 866 6
629 803 782 866 decembr.
800 807 877 865 1565
893 804 1052 882 (Ferraria,

87 897 119 956 v·
131 897 302 972 Paruulus,
317 899 373 957 art.
388 898 427 972 2,
444 903 477 954 ιιο
491 896 551 972 56).

123 985 151 1047 Si
165 985 235 1048 velit
249 985 419 1066 Episcopus
428 1001 481 1065 per
490 981 685 1064 privationem
698 979 848 1045 fructuum
859 981 976 1042 tantbm
986 998 1054 1062 pro-

88 1073 202 1148 cedere,
231 1079 355 1135 tenetur
380 1089 497 1134 servare
524 1071 675 1132 intervalla
697 1077 728 1132 et
746 1069 940 1152 quantitates,
964 1075 1054 1150 pront

89 1162 179 1242 quoad
199 1163 368 1245 Epismrpos
380 1159 582 1242 praescribitur
596 1161 684 1237 (Sess.
700 1161 737 1234 6,
755 1178 821 1240 cap.
843 1159 881 1238 1).
904 1159 946 1220 lta
970 1160 1000 1220 S.
1017 1159 1050 1222 C.

89 1251 186 1326 Conc.;
202 1261 231 1314 et
244 1255 382 1332 sequitur
395 1269 431 1312 cx
440 1267 477 1312 eo
488 1249 569 1330 qudd
582 1255 689 1310 statuta
702 1256 804 1310 contra
815 1247 976 1328 Episcopos
991 1266 1052 1312 non

88 1339 244 1402 residentes
258 1338 437 1421 applicanda
461 1344 533 1399 sunt
558 1337 694 1417 parochis
708 1355 769 1398 non
792 1335 991 1398 residentibus
1004 1356 1053 1398 ex·

90 1431 183 1508 presse
196 1427 298 1510 quoad
315 1427 509 1509 privationem
524 1425 686 1488 lructuum.
704 1429 914 1487 Potesttamen
930 1425 1052 1506 Episco-

90 1517 268 1600 puseusequi
280 1515 576 1598 privationem‚nulla
585 1513 770 1576 observando
780 1513 942 1590 intervalla,
953 1513 1052 1594 quoad

88 1603 285 1687 fructusquos
308 1604 349 1666 ob
369 1605 512 1666 omissam
535 1602 726 1665 residentiam
748 1602 895 1684 parochus
909 1620 970 1664 non
984 1603 1053 1664 lecit

90 1711 167 1756 snos.
183 1696 225 1757 lta
239 1697 272 1756 S.
288 1693 399 1773 Congr.
416 1692 529 1754 Concil.

126 1785 210 1844 14113.
235 1781 407 1844 Procedens
421 1800 475 1862 per
490 1781 685 1863 privationem
699 1777 837 1842 beneficii
860 1796 920 1840 non
935 1783 1054 1842 tenetur

89 1870 251 1954 Episcopus
264 1871 358 1933 citare
372 1870 535 1952 parochum
548 1869 642 1932 tribus
656 1869 779 1946 edictis,
795 1868 846 1931 sed
857 1868 964 1932 sufficit
978 1887 1050 1946 uno,

89 1977 155 2020 eum
175 1959 379 2042 assignatione
392 1957 589 2042 competentis
602 1960 733 2022 termini.
753 1961 795 2022 lta
809 1961 956 2040 Fagmn,
972 1957 1051 2041 apud

91 2045 179 2110 boulir
192 2095 199 2126 ‚
214 2049 272 2120 ib„
289 2067 319 2130 p.
338 2051 406 2110 570.

125 2139 148 2196 A
170 2137 307 2200 Decretis
332 2136 470 2218 Episcopi
495 2135 688 2200 exsecutoriis
701 2141 805 2199 contra
826 2135 971 2218 parochos
989 2153 1051 2198 non

88 2223 270 2302 residentes,
286 2243 346 2286 non
360 2226 447 2287 datur
459 2225 615 2307 appellatio
626 2225 663 2287 ad
677 2225 816 2288 effectum
830 2226 1048 2307 suspensivum,

88 2313 137 2374 sed
151 2313 298 2376 duntaxat
311 2313 348 2374 nd
362 2313 501 2375 effectum
514 2313 725 2390 devolutivum‚
739 2313 781 2376 uti
796 2315 943 2396 colligitur·
955 2333 990 2376 ex
1006 2315 1051 2379 his

87 2401 248 2464 'li'iclcntini
262 2401 360 2463 verbis
389 2421 396 2461 :
424 2421 475 2464 nec
491 2403 698 2465 resecationem
711 2403 907 2484 appellatione
919 2402 1051 2488 suspendi

87 2509 172 2568 porse.
188 2492 233 2553 lta
246 2490 468 2568 communiter,
483 2509 532 2574 ap.
550 2491 663 2570 Boutr,
678 2491 732 2567 ila,
747 2511 779 2573 ρ.
794 2495 864 2554 511.

461 2674 613 2734 Punctum
632 2675 678 2736 lll.

182 2811 221 2858 ns
241 2806 435 2860 oneraremur
455 2811 566 2858 urssru
586 2811 748 2858 orrannum
767 2811 822 2860 rao
840 2811 957 2861 rorum.

127 2945 216 3004 1484.
238 2943 392 3004 Tenentur
416 2940 537 3022 parochi
564 2941 653 3004 etiam
675 2943 865 3024 amovlbiles,
890 2947 1049 3030 vicariique

91 3030 207 3108 parochi
230 3027 267 3091 ad
289 3027 475 3090 offerendum
503 3049 558 3114 pro
580 3031 691 3111 populo
710 3031 815 3096 diebus
840 3034 999 3099 dominicis
1020 3045 1050 3102 et

90 3115 218 3180 lestis‘de
232 3123 380 3198 praecepto
394 3164 401 3194 ,
422 3135 483 3178 non
497 3118 632 3181 obstante
645 3121 748 3200 quavis
761 3125 907 3185 contrarii
921 3143 1047 3189 consue-

90 3206 207 3280 tudine,
229 3211 259 3268 el
277 3205 392 3267 etiamsi
406 3207 545 3287 congruis
558 3207 721 3272 redditibus
735 3229 796 3272 non
811 3211 956 3274 fruantur.
973 3215 1048 3278 lllud

91 3299 204 3356 constat
217 3311 253 3355 err
266 3293 399 3356 Concilio
411 3293 542 3357 Trident.
559 3298 645 3377 (sess.
662 3303 716 3370 23,
732 3317 797 3380 cap.
816 3303 851 3376 1,
866 3301 900 3362 de
913 3303 1048 3384 reform.)

91 3381 260 3444 ubidicitur
275 3401 283 3442 ε
303 3383 407 3445 veum
421 3391 569 3466 praecepto
582 3384 683 3448 divino
697 3387 868 3450 mandalum
879 3391 935 3462 sit,
951 3394 1049 3455 omni·

92 3491 106 3527 a
129 3469 185 3532 bus
208 3471 316 3552 quibus
338 3472 506 3534 animarum
529 3493 601 3536 cura
621 3477 780 3537 commissa
804 3485 865 3550 est,
889 3497 958 3540 oves
980 3501 1048 3546 suas

94 3577 107 3614 ι
128 3557 318 3638 dignoscere,
328 3579 383 3640 pro
395 3560 919 3642 lliaseerr'ficiumofferre‚etc.altern
933 3573 1049 3626 constat

96 3663 127 3705 cx
139 3645 225 3709 Bulla
239 3647 312 3710 Cium
331 3667 441 3728 sernper
456 3648 566 3710 Bencd.
583 3650 649 3710 xlv
666 3667 674 3708 ι
690 3649 753 3710 hacc
775 3651 857 3710 eninr
873 3651 974 3720 Bulla,
993 3649 1046 3707 etsi
