2528 3996
222 189 278 252 bat
437 205 574 253 urrunsa
593 202 695 253 nortus
714 203 797 252 lunis
819 199 966 263 cruentet.

258 309 347 370 2850.
373 309 396 368 ll
417 306 619 388 prohibitione
642 306 831 390 ingrediendi
849 306 1042 388 excipiuntur
1061 303 1207 390 impera·

219 402 312 471 tores,
337 399 449 476 Reges,
474 397 698 477 imperatrices,
722 396 863 476 Reginae,
887 403 977 476 atque
997 413 1108 458 eorum
1135 397 1206 476 lilii;
1243 437 1244 442 κ

219 486 284 546 Νοη
300 491 400 548 autem
410 486 508 546 Duces
521 492 551 548 et
564 485 611 548 alii
627 493 734 566 praeter
748 485 859 548 dictos:
876 483 1001 565 proinde
1012 503 1074 547 non
1090 489 1210 567 magis-

219 580 312 638 tratus
330 581 383 636 aut
400 572 526 635 ministri
548 574 674 655 politiae,
692 572 784 636 modd
802 579 905 634 temen
926 572 1081 654 ingressus
1106 578 1208 655 possit
1243 607 1244 624 ÷

219 661 358 742 impediri
372 662 437 724 sina
458 663 539 744 graui
561 663 711 744 periculo,
733 661 815 742 quod
839 660 904 724 lieri
926 679 1014 742 posse
1032 662 1124 725 facile
1140 684 1206 726 non

219 749 334 812 videtur
347 751 428 831 apud
443 770 518 829 nos,
534 750 565 812 in
581 751 774 814 Gallithide
788 753 822 812 P.
840 748 993 812 dautrelet
1008 749 1111 827 (illd,
1123 759 1148 813 t.
1170 759 1207 822 l,
1243 765 1244 772 ’

220 858 251 920 p.
266 842 343 914 328,
359 840 443 912 etc).
465 843 500 902 ln
520 839 568 902 bis
581 840 720 914 casibus,
735 837 968 921 quantiam-lieri
988 847 1109 921 potest,
1124 843 1206 903 nibil

220 934 264 996 est
279 927 468 1002 laciendum,
484 927 654 991 inconsulto
676 929 826 1011 Episcopo
838 927 931 1010 „qui,
948 928 980 990 in
1001 919 1202 1016 omr‘sl'casm

220 1015 299 1095 apud
310 1035 376 1090 nos,
388 1024 485 1097 potest
495 1017 668 1098 permittere
679 1011 1047 1081 monasteriamouialium
1057 1019 1203 1099 ingredi:

220 1105 291 1164 clun
310 1121 416 1167 earum
437 1104 575 1168 clausurn
595 1125 656 1168 non
680 1107 718 1169 sit
736 1105 861 1189 papalis,
883 1105 936 1167 sed
956 1106 1204 1189 solum-episco-

221 1191 306 1272 palis.

260 1283 349 1344 2851.
372 1282 435 1344 Neo
448 1283 539 1345 etiam
559 1283 677 1366 pueruli
699 1289 730 1346 et
751 1283 859 1366 puellae
878 1283 993 1347 admitti
1014 1292 1148 1364 possunt
1173 1287 1200 1348 in

220 1376 304 1450 septa
318 1369 507 1444 monialium,
522 1379 555 1434 ut
568 1380 685 1435 constat
700 1389 736 1436 ex
750 1373 898 1452 Trident,
919 1391 992 1435 sess.
1009 1376 1059 1444 25,
1076 1392 1148 1456 cap.
1167 1381 1200 1446 5,

138 1473 141 1482 ’
220 1458 319 1520 verbis
332 1459 537 1543 cujuscumque
553 1461 638 1524 sectis
652 1461 697 1524 uel
709 1463 818 1538 oetotis,
834 1469 865 1525 et
874 1460 1006 1544 repetitis
1018 1461 1201 1526 declaratio

222 1545 312 1610 nibus
326 1549 356 1610 S.
373 1550 483 1630 Congr.
500 1551 639 1632 Episcop.
655 1559 685 1612 et
699 1550 838 1630 Regular.

261 1638 323 1699 Nec
335 1636 454 1719 ipsimet
469 1639 606 1721 Episcopi
623 1646 675 1701 aut
687 1639 878 1711 Cardinales,
899 1640 1000 1722 quoad
1013 1643 1201 1704 monasteria

221 1743 290 1805 quae
303 1743 407 1789 eurum
420 1727 620 1806 jurisdictioni
632 1746 693 1788 non
705 1727 844 1805 subsunt,
860 1735 913 1791 aut
928 1747 1068 1811 quaenon
1078 1739 1200 1792 exstant

222 1815 253 1876 in
277 1815 411 1895 ipsorum
432 1816 631 1892 dimersibus3
647 1816 698 1878 sed
721 1824 847 1898 possunt
860 1818 1000 1900 Episcopi
1022 1817 1198 1882 clausuram

223 1903 472 1966 monialiumsuae
485 1903 622 1967 diaecesis
632 1904 764 1979 ingredi,
781 1905 811 1967 in
826 1907 944 1968 casibus
959 1925 1019 1968 non
1035 1907 1139 1969 solbm
1151 1927 1199 1972 ne·

224 1988 382 2059 cessa-iis,
402 1989 454 2046 sed
473 1989 593 2067 qurttirs
614 1989 642 2048 id
658 1991 729 2050 utile
747 1989 934 2066 existimant,
951 1989 1069 2053 etiamsi
1088 2001 1196 2076 agatur

224 2074 262 2134 de
281 2075 467 2135 Monasteriis
489 2076 676 2156 regularibus
698 2077 842 2155 subjectis
858 2075 977 2156 (Eouix.
1003 2079 1048 2142 Oe
1069 2082 1192 2168 Regrrl„

222 2168 297 2224 tom.
310 2168 343 2238 2,
356 2164 441 2246 328),
459 2183 513 2244 pro
527 2165 693 2226 visitatione
706 2169 723 2228 a
736 2168 842 2248 seipsis
856 2167 1004 2231 iacienda.

255 2257 346 2318 2852.
369 2257 427 2318 Pro
445 2255 581 2318 iacienda
602 2255 790 2334 visitatione,
811 2261 957 2338 tanquam
971 2253 1126 2320 Ordinarii
1146 2259 1189 2321 in-

217 2343 300 2426 gredi
314 2345 580 2426 possunt,quando
589 2345 806 2408 monasterium
821 2363 883 2407 non
897 2351 941 2408 est
955 2353 1150 2426 exemptum3
1167 2348 1188 2408 si

217 2434 287 2497 vero
300 2436 339 2496 sit
355 2442 545 2516 exemptum,
560 2433 770 2516 ingrediuntur
783 2441 926 2515 tanquam
950 2433 1036 2498 Sedis
1062 2439 1190 2516 Aposto-

217 2521 282 2586 licae
295 2522 421 2604 delegati
434 2542 441 2583 :
452 2521 718 2588 sedtuncrisitatio
727 2531 773 2585 est
781 2521 1043 2585 iaciendatantirm
1051 2523 1192 2588 circaob

217 2613 414 2675 servationem
427 2611 593 2688 clausurae,
615 2617 644 2674 et
656 2611 793 2696 comitari
811 2611 923 2674 debent
944 2611 963 2673 ἀ
979 2613 1083 2693 paucis
1098 2613 1192 2696 iisque

217 2701 377 2764 senioribus
393 2721 428 2764 uc
441 2701 587 2782 religiosis
595 2701 748 2783 personis,
769 2705 804 2764 ut
826 2700 867 2763 ait
885 2701 1009 2782 Gregor.
1030 2702 1119 2778 lllll;
1138 2721 1192 2766 occ

217 2783 320 2856 secum
334 2791 445 2854 ducere
458 2790 568 2852 debent
581 2789 649 2872 plus
662 2792 756 2871 quam
770 2797 837 2852 octo
852 2807 1015 2872 personas:
1027 2789 1103 2852 alias
1118 2811 1191 2854 con-

217 2880 339 2942 trahunt
350 2881 446 2942 varias
459 2897 564 2961 poenas
580 2879 611 2940 in
627 2879 712 2940 Bulla
725 2885 926 2941 enumeratas.
943 2877 1018 2940 Vide
1036 2879 1189 2952 Ferraris,

218 2968 304 3039 idid..
320 2977 353 3029 n⁰
368 2972 426 3043 ot3
441 2967 602 3042 Analecta,
615 2967 696 3046 Janv.
716 2971 809 3045 1858,
824 2966 883 3030 col.
903 2970 972 3029 tas.
986 2964 1070 3028 ldem
1085 2976 1134 3030 est
1146 2969 1190 3032 di·

219 3056 348 3121 uendum
362 3055 401 3119 de
418 3055 549 3118 Praelatis
569 3056 777 3138 regularibus,
799 3075 855 3138 pro
877 3055 1067 3120 monasteriis
1083 3071 1191 3124 eorum

216 3143 415 3227 jurisdictioni
428 3145 580 3224 subjectis.

258 3239 348 3298 2853.
370 3231 489 3315 ingredi
509 3241 635 3316 possunt
654 3237 832 3300 monialium
850 3236 1045 3311 confessarii,
1062 3255 1120 3318 pro
1133 3239 1190 3300 mi·

220 3323 380 3388 nistrandis
393 3326 607 3404 sacramentis,
622 3333 653 3388 et
665 3326 906 3390 commendanda
920 3327 1022 3390 anima
1032 3328 1192 3408 agonizan-

219 3413 296 3474 tium
312 3414 423 3482 (Const.
438 3413 538 3476 Felici
556 3414 702 3478 Alexand.
722 3417 792 3494 Vll,
807 3434 853 3497 up.
872 3416 1013 3479 Analecta
1032 3419 1095 3492 (Μ’
1110 3416 1190 3494 liun,

221 3501 278 3564 ool.
302 3507 382 3580 'laag
406 3537 446 3551 -
466 3502 573 3566 medici
599 3523 654 3586 pro
677 3504 819 3568 curandis
840 3504 970 3567 infirmis
995 3521 1066 3568 oum
1088 3505 1191 3568 debita

224 3596 323 3654 brnen
338 3592 472 3672 licentii,
485 3593 619 3676 generali
641 3593 765 3664 quidem
776 3611 835 3663 nro
854 3594 974 3656 casibus
993 3601 1192 3676 urgentibus.

944 3751 1002 3762 -4-
1022 3751 1026 3754 .
1046 3747 1134 3760 ..ιι-ἱ,
