2522 4028
441 232 527 282 amre
548 230 665 278 earnes.
978 204 1037 269 tob
1118 249 1124 258 .

68 344 174 411 deduci
188 359 277 427 posse
288 338 406 402 videtur
419 353 457 397 ex
471 333 507 394 iis
525 346 593 412 quae
608 328 639 390 S.
654 325 791 408 Liguor..
805 322 879 386 dicit
895 320 934 384 de
946 338 1036 384 vena·

68 439 149 500 tione
161 485 168 506 ‚
180 433 232 496 lib.
247 434 279 506 3,
295 437 329 491 η’
342 429 411 490 606.

98 526 264 589 totid-2⁰
272 513 469 597 Porticipatio
477 507 658 574 exsecutioni
663 501 988 586 scatentioesoayainie:
996 503 1039 565 sic

71 613 202 678 enimait
215 613 304 673 Conc
319 609 415 668 Later.
428 604 464 664 ΙΙΙ
477 605 554 681 (cap.
572 597 767 672 Sententiam,
778 613 813 655 ne
826 591 939 668 ciem'ci,
951 593 1038 671 eici:

77 702 288 764 «Sententiam
303 693 459 776 sanguinis
474 690 575 752 nulius
587 686 715 750 ctericus
727 684 820 745 dictet
834 689 886 744 aut
899 679 1035 762 proterat,

75 817 89 854 u
114 791 164 854 sed
181 809 237 851 nec
245 785 401 868 sanguinis
413 781 574 844 vindictam
589 780 741 847 exerceat,
757 781 807 834 aut
822 771 873 834 ubi
888 777 1043 831 exercetur

75 905 90 944 u
114 881 238 944 intersit.
258 880 321 938 Nec
334 874 494 956 quisquam
509 867 634 930 ctericus
649 865 760 926 litteras
772 861 864 924 dictet
871 867 923 921 aut
936 857 1046 920 scribat

78 995 92 1032 r
117 989 171 1054 pro
185 966 313 1030 vindicte
329 959 484 1040 sanguinis
496 953 725 1018 destinandas.»

52 1096 55 1100 -
121 1059 205 1136 «Hic
218 1073 316 1118 canon
331 1047 439 1138 (quoad
454 1043 651 1108 assistentiam
665 1038 829 1122 suppliciis)
843 1037 888 1099 vei
903 1042 947 1099 est
960 1036 1040 1098 ebro
1138 1031 1141 1038 '

80 1172 95 1209 ι
119 1153 206 1229 gattis
217 1143 325 1226 (inquit
342 1142 374 1202 S.
391 1139 525 1218 Liguor„
542 1133 593 1193 tib.
608 1136 690 1206 ·t„n⁰
703 1131 786 1206 463),
802 1127 848 1189 vel
866 1129 1043 1188 tantamve
1062 1165 1067 1168 -

80 1217 1043 1310 aniaiitcrobligat,utdocantBonac.,Saim..;acdont.Tourn.
1118 1213 1119 1216 ’

79 1353 94 1386 a
117 1331 241 1388 testatur
264 1339 329 1382 esse
349 1331 542 1380 communem
567 1307 743 1371 senteutiam
767 1305 797 1366 id
821 1321 882 1364 non
903 1303 1046 1366 excedere

78 1437 94 1476 a
118 1414 265 1480 intrarem
280 1409 400 1490 culpam
412 1403 492 1478 :irnb
507 1403 627 1462 Navarr.
644 1404 674 1457 et
691 1395 769 1456 Avila
780 1400 909 1472 censent
921 1393 1048 1462 minima

78 1528 95 1565 r
119 1503 150 1566 iir
165 1502 222 1564 hoc
236 1501 359 1582 peccare
378 1494 502 1567 clericos
512 1509 542 1550 m
553 1485 732 1548 minoribus.
748 1507 763 1542 o
777 1483 852 1544 Vide
865 1481 944 1545 dicta
958 1501 1048 1564 supra

80 1595 195 1666 (tete),
210 1598 241 1652 ct
254 1591 404 1661 Leaueux.
418 1574 535 1643 n⁰'550.

122 1672 211 1735 2067.
229 1703 264 1716 -
279 1673 314 1730 3υ
329 1663 498 1747 Nepotiatie
515 1681 523 1726 ε
539 1685 553 1718 α
567 1661 634 1727 Sub
646 1658 906 1723 interminatione
918 1653 1048 1718 anathe-

83 1786 96 1818 ι
122 1761 226 1835 matis,
238 1755 444 1840 prohibemus
453 1771 492 1814 ne
503 1749 660 1818 monachi,
673 1749 721 1810 vel
739 1747 843 1810 clerici
853 1745 957 1808 'causa
969 1743 1049 1820 tucri

83 1875 96 1908 ι
122 1849 343 1928 negotiantum
366 1855 395 1905 ct
418 1862 457 1904 ne
475 1842 621 1902 monachi
644 1839 689 1899 vet
708 1835 813 1900 clerici
830 1833 987 1898 d'ciericis
1003 1831 1051 1894 vei

83 1964 99 2008 a
125 1937 210 1999 iaicis
227 1953 285 1997 suo
302 1931 429 1994 nornine
445 1930 552 1991 strenas
568 1925 701 2010 (sermea)
719 1925 867 1987 habeant.
888 1947 900 1978 ι
921 1919 963 1982 ita
981 1921 1045 1984 Aie'

82 2051 96 2086 r
125 2025 219 2089 rand.
239 2021 289 2092 ΙΙΙ,
310 2041 379 2104 cap.
397 2017 568 2084 Secundum
583 2019 613 2091 6,
629 2035 665 2080 ac
679 2015 792 2080 clerici.
819 2013 911 2075 iuxta
929 2009 1050 2072 Batiam

81 2116 180 2182 Ciam.
192 2111 259 2175 Xili
269 2131 337 2172 mim
352 2110 523 2180 citandam,
533 2105 820 2170 excommunicatio
831 2111 862 2164 et
873 2100 942 2166 aiioe
953 2117 1051 2180 poenae

81 2205 151 2287 ipso
175 2205 256 2265 iacto
279 2203 497 2262 incurruntur.
523 2195 583 2258 Sed
606 2211 775 2276 suppressa
796 2191 855 2254 tuit
878 2205 1048 2262 excomm,

83 2291 295 2356 missionariis
307 2307 364 2370 pro
380 2287 467 2350 india
482 2293 587 2346 tamen
599 2283 751 2364 exceptis,
761 2281 851 2362 juxta
861 2277 1049 2342 decreras.

77 2381 210 2448 Ot'ticiilr
226 2381 295 2443 dec.
314 2375 408 2450 1872,
423 2369 550 2453 ‘approb
565 2390 599 2437 π.
615 2371 633 2433 a
653 2372 705 2433 Pio
721 2368 771 2432 tx.

123 2467 181 2527 Per
191 2466 422 2545 negotiationem
438 2465 565 2525 autema
578 2460 746 2525 canonibus
756 2459 888 2532 vetitam,
916 2453 1058 2537 inteiligi-

80 2563 225 2618 turoctas
242 2574 298 2638 qao
314 2556 381 2635 qais
396 2551 526 2614 nonsibi
542 2559 690 2632 comparat
706 2569 738 2612 co
753 2548 852 2612 animo
865 2556 899 2608 at
913 2547 1060 2627 inteprom

81 2645 183 2708 etiem
196 2655 339 2704 mutatam
353 2645 449 2703 cambe
472 2641 615 2704 vendendo
631 2637 677 2702 ecl
697 2635 901 2720 permutando,
918 2634 1059 2696 lucretur.

83 2735 114 2797 S.
135 2736 275 2811 Lignea,
291 2731 385 2816 tiae,
408 2745 441 2794 n⁰
450 2738 560 2796 83t,-
571 2728 779 2792 Communitar
790 2727 915 2788 docetur
926 2723 1062 2805 negotia·

84 2827 197 2886 tionem
215 2823 367 2910 prohiberi
388 2825 504 2884 tantirm
521 2820 638 2883 clericis
656 2822 687 2880 in
704 2817 797 2878 sacris
812 2813 996 2891 constitutis,
1017 2813 1062 2874 vel

84 2913 272 2976 innodeiatis
286 2923 315 2974 et
329 2913 476 2994 ‘reiigiosis
488 2909 646 2993 professis,
664 2907 833 2988 quiomnes
843 2910 969 2985 peccant
983 2920 1063 2964 mor-

84 3004 184 3065 tariter
199 3004 222 3064 si
240 3003 364 3064 inuitam
377 2999 568 3082 negotiationi
585 2997 657 3059 dent
670 3013 814 3076 operam,
832 3003 861 3056 et
876 2991 1011 3056 incidunt
1033 2993 1064 3054 in

85 3093 319 3174 suspensionem
343 3099 374 3154 ct
394 3087 763 3162 excommunicationem,
789 3085 874 3164 juxta
897 3085 928 3146 S.
955 3085 1064 3164 liguo·
1169 3133 1172 3140 .

83 3183 183 3258 riuum
208 3199 269 3243 non
284 3183 355 3242 verb
369 3190 505 3262 peccaret
520 3178 647 3261 graviter
661 3175 789 3236 clericus
808 3173 854 3235 bis
868 3173 913 3236 vei
929 3180 975 3234 ter
988 3191 1067 3234 exer·

86 3291 160 3336 cens
172 3272 405 3353 negotiationem
415 3289 476 3332 non
486 3279 621 3350 turpem,
638 3264 736 3328 necin
755 3267 866 3345 magni
881 3263 1044 3344 quantitate
1057 3277 1065 3333 ;

86 3381 159 3447 quia
178 3363 246 3436 jura
262 3363 427 3441 loquuntur
446 3359 481 3421 de
494 3365 644 3421 exercente
659 3375 665 3416 :
683 3373 740 3416 uec
753 3371 824 3415 eum
842 3353 1068 3434 etiampeccare

88 3459 342 3536 praeuerterent
368 3449 559 3531 probabiliter
577 3445 702 3528 quidam
715 3461 767 3524 ap,
786 3442 929 3505 eumdem
951 3439 1066 3504 etiamsi

90 3543 184 3608 semet
207 3542 238 3602 in
253 3543 379 3602 materie
397 3539 480 3619 gravi
497 3537 674 3610 negotietur.
694 3567 733 3582 -
752 3535 785 3595 S.
800 3533 943 3616 Liguor.,
960 3530 1011 3592 tib.
1033 3531 1068 3606 3,

90 3645 125 3695 n·
138 3635 207 3695 831.
526 3669 531 3682 ·

131 3728 222 3786 9068.
236 3723 342 3784 Plures
363 3722 550 3806 affirmarunt
573 3717 699 3799 graviter
719 3733 780 3776 non
801 3729 928 3795 peccare
948 3707 1072 3771 ciericos

90 3833 149 3898 per
162 3814 237 3875 aiios
250 3813 454 3892 negotiantes,
478 3809 619 3872 dantibus
633 3806 705 3886 ipsis
717 3803 896 3886 pecuniam,
915 3797 980 3861 atiis
1001 3793 1072 3856 rerb

94 3901 278 3967 industriam
296 3919 386 3966 suern
404 3897 605 3968 uoncntibw
630 3899 661 3954 ct
675 3891 731 3954 boc
753 3897 798 3953 eat
817 3885 972 3968 probabile
989 3881 1073 3962 putat
1125 3879 1130 3886 '
