<?xml version="1.0" encoding="UTF-8"?>
<!DOCTYPE html PUBLIC "-//W3C//DTD XHTML 1.0 Transitional//EN"
    "http://www.w3.org/TR/xhtml1/DTD/xhtml1-transitional.dtd">
<html xmlns="http://www.w3.org/1999/xhtml" xml:lang="en" lang="en">
 <head>
  <title>
</title>
<meta http-equiv="Content-Type" content="text/html;charset=utf-8" />
  <meta name='ocr-system' content='tesseract 3.04.00' />
  <meta name='ocr-capabilities' content='ocr_page ocr_carea ocr_par ocr_line ocrx_word'/>
</head>
<body>
  <div class='ocr_page' id='page_1' title='image "./manualetotiusju01craigoog_0687.png"; bbox 0 0 2550 3992; ppageno 0'>
   <div class='ocr_carea' id='block_1_1' title="bbox 210 293 959 358">
    <p class='ocr_par' dir='ltr' id='par_1_1' title="bbox 210 293 959 358">
     <span class='ocr_line' id='line_1_1' title="bbox 210 293 959 358; baseline -0.009 -1"><span class='ocrx_word' id='word_1_1' title='bbox 210 293 268 358; x_wconf 70' lang='grc'>338</span> <span class='ocrx_word' id='word_1_2' title='bbox 431 305 570 354; x_wconf 73' lang='lat' dir='ltr'>neruum</span> <span class='ocrx_word' id='word_1_3' title='bbox 588 305 691 352; x_wconf 80' lang='lat' dir='ltr'>rouro</span> <span class='ocrx_word' id='word_1_4' title='bbox 710 304 793 353; x_wconf 78' lang='lat' dir='ltr'>soen</span> <span class='ocrx_word' id='word_1_5' title='bbox 812 304 959 351; x_wconf 72' lang='lat' dir='ltr'>conemur.</span> 
     </span>
    </p>
   </div>
   <div class='ocr_carea' id='block_1_2' title="bbox 210 400 1172 578">
    <p class='ocr_par' dir='ltr' id='par_1_2' title="bbox 210 400 1172 578">
     <span class='ocr_line' id='line_1_2' title="bbox 210 400 1170 486; baseline -0.006 -18"><span class='ocrx_word' id='word_1_6' title='bbox 210 407 248 470; x_wconf 90' lang='lat' dir='ltr'>de</span> <span class='ocrx_word' id='word_1_7' title='bbox 264 403 437 468; x_wconf 67' lang='lat' dir='ltr'><strong>necessitate</strong></span> <span class='ocrx_word' id='word_1_8' title='bbox 451 403 609 486; x_wconf 80' lang='lat' dir='ltr'>praecepti3</span> <span class='ocrx_word' id='word_1_9' title='bbox 621 401 674 464; x_wconf 82' lang='lat' dir='ltr'>sed</span> <span class='ocrx_word' id='word_1_10' title='bbox 688 402 841 465; x_wconf 85' lang='lat' dir='ltr'>sufficiens</span> <span class='ocrx_word' id='word_1_11' title='bbox 850 400 1070 464; x_wconf 78' lang='lat' dir='ltr'>estbuismnum</span> <span class='ocrx_word' id='word_1_12' title='bbox 1082 400 1170 480; x_wconf 76' lang='lat' dir='ltr'>cuiue</span> 
     </span>
     <span class='ocr_line' id='line_1_3' title="bbox 211 489 1172 578; baseline -0.007 -19"><span class='ocrx_word' id='word_1_13' title='bbox 211 511 343 578; x_wconf 74' lang='lat' dir='ltr'>uimque</span> <span class='ocrx_word' id='word_1_14' title='bbox 357 491 509 573; x_wconf 79' lang='lat' dir='ltr'>regionis,</span> <span class='ocrx_word' id='word_1_15' title='bbox 531 497 562 554; x_wconf 86' lang='lat' dir='ltr'>et</span> <span class='ocrx_word' id='word_1_16' title='bbox 584 491 616 553; x_wconf 90' lang='lat' dir='ltr'>in</span> <span class='ocrx_word' id='word_1_17' title='bbox 638 495 676 554; x_wconf 82' lang='lat' dir='ltr'>et</span> <span class='ocrx_word' id='word_1_18' title='bbox 699 491 763 554; x_wconf 76' lang='lat' dir='ltr'>sote</span> <span class='ocrx_word' id='word_1_19' title='bbox 780 489 947 573; x_wconf 70' lang='lat' dir='ltr'>quontitate</span> <span class='ocrx_word' id='word_1_20' title='bbox 966 509 1035 572; x_wconf 83' lang='lat' dir='ltr'>quae</span> <span class='ocrx_word' id='word_1_21' title='bbox 1056 489 1172 552; x_wconf 84' lang='lat' dir='ltr'>odorem</span> 
     </span>
    </p>
   </div>
   <div class='ocr_carea' id='block_1_3' title="bbox 210 579 1183 2272">
    <p class='ocr_par' dir='ltr' id='par_1_3' title="bbox 210 579 1182 1463">
     <span class='ocr_line' id='line_1_4' title="bbox 211 579 1173 665; baseline -0.005 -18"><span class='ocrx_word' id='word_1_22' title='bbox 211 587 258 648; x_wconf 82' lang='lat' dir='ltr'>sut</span> <span class='ocrx_word' id='word_1_23' title='bbox 271 583 366 646; x_wconf 77' lang='lat' dir='ltr'>vaieet</span> <span class='ocrx_word' id='word_1_24' title='bbox 378 581 522 665; x_wconf 81' lang='lat' dir='ltr'>probare3</span> <span class='ocrx_word' id='word_1_25' title='bbox 542 599 599 644; x_wconf 89' lang='lat' dir='ltr'>neo</span> <span class='ocrx_word' id='word_1_26' title='bbox 617 587 665 644; x_wconf 84' lang='lat' dir='ltr'>est</span> <span class='ocrx_word' id='word_1_27' title='bbox 686 579 891 644; x_wconf 85' lang='lat' dir='ltr'>necessarium</span> <span class='ocrx_word' id='word_1_28' title='bbox 912 585 946 642; x_wconf 92' lang='lat' dir='ltr'>ut</span> <span class='ocrx_word' id='word_1_29' title='bbox 964 579 1107 642; x_wconf 89' lang='lat' dir='ltr'>omnibus</span> <span class='ocrx_word' id='word_1_30' title='bbox 1122 580 1173 642; x_wconf 83' lang='lat' dir='ltr'>oiri</span> 
     </span>
     <span class='ocr_line' id='line_1_5' title="bbox 210 667 1174 756; baseline -0.006 -20"><span class='ocrx_word' id='word_1_31' title='bbox 210 671 346 756; x_wconf 82' lang='lat' dir='ltr'>portibus</span> <span class='ocrx_word' id='word_1_32' title='bbox 358 671 529 734; x_wconf 67' lang='lat' dir='ltr'>misceam.</span> <span class='ocrx_word' id='word_1_33' title='bbox 544 669 781 732; x_wconf 83' lang='lat' dir='ltr'>Gontmvertitur</span> <span class='ocrx_word' id='word_1_34' title='bbox 794 675 897 731; x_wconf 83' lang='lat' dir='ltr'>eutem</span> <span class='ocrx_word' id='word_1_35' title='bbox 911 687 949 730; x_wconf 85' lang='lat' dir='ltr'>un</span> <span class='ocrx_word' id='word_1_36' title='bbox 963 667 1130 730; x_wconf 79' lang='lat' dir='ltr'><strong>balsamum</strong></span> <span class='ocrx_word' id='word_1_37' title='bbox 1142 669 1174 730; x_wconf 78' lang='lat' dir='ltr'>sit</span> 
     </span>
     <span class='ocr_line' id='line_1_6' title="bbox 211 757 1174 839; baseline -0.008 -14"><span class='ocrx_word' id='word_1_38' title='bbox 211 760 250 824; x_wconf 89' lang='lat' dir='ltr'>de</span> <span class='ocrx_word' id='word_1_39' title='bbox 263 761 440 825; x_wconf 81' lang='lat' dir='ltr'>necessitate</span> <span class='ocrx_word' id='word_1_40' title='bbox 452 760 631 822; x_wconf 81' lang='lat' dir='ltr'>sacrementi</span> <span class='ocrx_word' id='word_1_41' title='bbox 643 779 652 821; x_wconf 77' lang='grc' dir='ltr'>ι</span> <span class='ocrx_word' id='word_1_42' title='bbox 663 758 730 820; x_wconf 86' lang='lat' dir='ltr'>vide</span> <span class='ocrx_word' id='word_1_43' title='bbox 744 759 774 820; x_wconf 88' lang='lat' dir='ltr'>S.</span> <span class='ocrx_word' id='word_1_44' title='bbox 786 757 924 839; x_wconf 69' lang='lat' dir='ltr'>oignon,</span> <span class='ocrx_word' id='word_1_45' title='bbox 936 757 988 818; x_wconf 86' lang='lat' dir='ltr'>tib.</span> <span class='ocrx_word' id='word_1_46' title='bbox 1003 761 1040 824; x_wconf 83' lang='grc'>6.</span> <span class='ocrx_word' id='word_1_47' title='bbox 1058 771 1092 817; x_wconf 81' lang='lat'>11⁰</span> <span class='ocrx_word' id='word_1_48' title='bbox 1107 761 1174 832; x_wconf 71' lang='lat' dir='ltr'>i62;</span> 
     </span>
     <span class='ocr_line' id='line_1_7' title="bbox 212 844 1176 924; baseline -0.006 -11"><span class='ocrx_word' id='word_1_49' title='bbox 212 857 243 914; x_wconf 84' lang='lat' dir='ltr'>et</span> <span class='ocrx_word' id='word_1_50' title='bbox 254 850 323 914; x_wconf 88' lang='lat' dir='ltr'>ideo</span> <span class='ocrx_word' id='word_1_51' title='bbox 335 848 525 913; x_wconf 77' lang='lat' dir='ltr'>confirmatio</span> <span class='ocrx_word' id='word_1_52' title='bbox 537 847 606 910; x_wconf 81' lang='lat' dir='ltr'>deta</span> <span class='ocrx_word' id='word_1_53' title='bbox 619 867 690 912; x_wconf 92' lang='lat' dir='ltr'>cum</span> <span class='ocrx_word' id='word_1_54' title='bbox 710 847 775 910; x_wconf 87' lang='lat' dir='ltr'>soto</span> <span class='ocrx_word' id='word_1_55' title='bbox 792 847 872 924; x_wconf 91' lang='lat' dir='ltr'>oieo,</span> <span class='ocrx_word' id='word_1_56' title='bbox 887 847 993 908; x_wconf 83' lang='lat' dir='ltr'>saitem</span> <span class='ocrx_word' id='word_1_57' title='bbox 1007 844 1066 908; x_wconf 89' lang='lat' dir='ltr'>sub</span> <span class='ocrx_word' id='word_1_58' title='bbox 1078 845 1176 909; x_wconf 86' lang='lat' dir='ltr'>ooudi·</span> 
     </span>
     <span class='ocr_line' id='line_1_8' title="bbox 211 935 1177 1019; baseline -0.005 -17"><span class='ocrx_word' id='word_1_59' title='bbox 211 939 295 1003; x_wconf 85' lang='lat' dir='ltr'>tione</span> <span class='ocrx_word' id='word_1_60' title='bbox 308 946 386 1002; x_wconf 81' lang='lat' dir='ltr'>esset</span> <span class='ocrx_word' id='word_1_61' title='bbox 399 936 533 1000; x_wconf 80' lang='lat' dir='ltr'>iterando</span> <span class='ocrx_word' id='word_1_62' title='bbox 549 958 558 1014; x_wconf 79' lang='lat'><em>3</em></span> <span class='ocrx_word' id='word_1_63' title='bbox 572 938 644 1019; x_wconf 85' lang='lat' dir='ltr'>quie</span> <span class='ocrx_word' id='word_1_64' title='bbox 656 939 728 1000; x_wconf 79' lang='lat' dir='ltr'>vero</span> <span class='ocrx_word' id='word_1_65' title='bbox 749 944 795 998; x_wconf 82' lang='lat' dir='ltr'>sat</span> <span class='ocrx_word' id='word_1_66' title='bbox 808 935 971 1017; x_wconf 85' lang='lat' dir='ltr'>probabilis</span> <span class='ocrx_word' id='word_1_67' title='bbox 983 935 1101 997; x_wconf 67' lang='lat' dir='ltr'>videtin</span> <span class='ocrx_word' id='word_1_68' title='bbox 1112 953 1177 999; x_wconf 83' lang='lat' dir='ltr'>seu-</span> 
     </span>
     <span class='ocr_line' id='line_1_9' title="bbox 212 1023 1180 1091; baseline -0.002 -1"><span class='ocrx_word' id='word_1_69' title='bbox 212 1028 305 1091; x_wconf 85' lang='lat' dir='ltr'>tentio</span> <span class='ocrx_word' id='word_1_70' title='bbox 330 1034 439 1090; x_wconf 85' lang='lat' dir='ltr'>tenens</span> <span class='ocrx_word' id='word_1_71' title='bbox 459 1025 591 1088; x_wconf 81' lang='lat' dir='ltr'>validum</span> <span class='ocrx_word' id='word_1_72' title='bbox 613 1044 680 1090; x_wconf 87' lang='lat' dir='ltr'>esse</span> <span class='ocrx_word' id='word_1_73' title='bbox 702 1033 925 1088; x_wconf 82' lang='lat' dir='ltr'>sacramentum</span> <span class='ocrx_word' id='word_1_74' title='bbox 948 1043 1021 1088; x_wconf 89' lang='lat' dir='ltr'>cum</span> <span class='ocrx_word' id='word_1_75' title='bbox 1038 1023 1104 1086; x_wconf 84' lang='lat' dir='ltr'>solo</span> <span class='ocrx_word' id='word_1_76' title='bbox 1116 1025 1180 1088; x_wconf 85' lang='lat' dir='ltr'>uteo</span> 
     </span>
     <span class='ocr_line' id='line_1_10' title="bbox 212 1113 1180 1198; baseline -0.001 -21"><span class='ocrx_word' id='word_1_77' title='bbox 212 1117 357 1178; x_wconf 82' lang='lat' dir='ltr'>olivarum</span> <span class='ocrx_word' id='word_1_78' title='bbox 370 1161 378 1194; x_wconf 88' lang='lat'>,</span> <span class='ocrx_word' id='word_1_79' title='bbox 393 1115 424 1176; x_wconf 91' lang='lat' dir='ltr'>iu</span> <span class='ocrx_word' id='word_1_80' title='bbox 444 1113 503 1176; x_wconf 90' lang='lat' dir='ltr'>hoo</span> <span class='ocrx_word' id='word_1_81' title='bbox 519 1114 584 1177; x_wconf 86' lang='lat' dir='ltr'>eolo</span> <span class='ocrx_word' id='word_1_82' title='bbox 606 1115 675 1198; x_wconf 82' lang='lat' dir='ltr'>quis</span> <span class='ocrx_word' id='word_1_83' title='bbox 687 1121 790 1198; x_wconf 85' lang='lat' dir='ltr'>posset</span> <span class='ocrx_word' id='word_1_84' title='bbox 803 1113 860 1176; x_wconf 82' lang='lat' dir='ltr'>sub</span> <span class='ocrx_word' id='word_1_85' title='bbox 877 1113 1051 1176; x_wconf 84' lang='lat' dir='ltr'>conditione</span> <span class='ocrx_word' id='word_1_86' title='bbox 1073 1115 1180 1176; x_wconf 86' lang='lat' dir='ltr'>contir-</span> 
     </span>
     <span class='ocr_line' id='line_1_11' title="bbox 212 1201 1181 1285; baseline -0.001 -19"><span class='ocrx_word' id='word_1_87' title='bbox 212 1203 287 1266; x_wconf 86' lang='lat' dir='ltr'>meri</span> <span class='ocrx_word' id='word_1_88' title='bbox 302 1204 334 1266; x_wconf 92' lang='lat' dir='ltr'>iu</span> <span class='ocrx_word' id='word_1_89' title='bbox 356 1203 483 1266; x_wconf 77' lang='lat' dir='ltr'>articulo</span> <span class='ocrx_word' id='word_1_90' title='bbox 497 1205 620 1280; x_wconf 87' lang='lat' dir='ltr'>mortis,</span> <span class='ocrx_word' id='word_1_91' title='bbox 636 1204 661 1266; x_wconf 88' lang='lat' dir='ltr'>si</span> <span class='ocrx_word' id='word_1_92' title='bbox 674 1203 757 1268; x_wconf 84' lang='lat' dir='ltr'>eliud</span> <span class='ocrx_word' id='word_1_93' title='bbox 777 1201 880 1264; x_wconf 75' lang='lat' dir='ltr'>heberi</span> <span class='ocrx_word' id='word_1_94' title='bbox 894 1220 957 1264; x_wconf 90' lang='lat' dir='ltr'>non</span> <span class='ocrx_word' id='word_1_95' title='bbox 976 1207 1098 1285; x_wconf 74' lang='lat' dir='ltr'>pooeet:</span> <span class='ocrx_word' id='word_1_96' title='bbox 1113 1204 1181 1285; x_wconf 84' lang='lat' dir='ltr'>quir</span> 
     </span>
     <span class='ocr_line' id='line_1_12' title="bbox 212 1290 1182 1375; baseline 0.002 -22"><span class='ocrx_word' id='word_1_97' title='bbox 212 1310 323 1375; x_wconf 80' lang='lat' dir='ltr'>magno</span> <span class='ocrx_word' id='word_1_98' title='bbox 335 1291 446 1354; x_wconf 75' lang='lat' dir='ltr'>utilius</span> <span class='ocrx_word' id='word_1_99' title='bbox 466 1290 558 1372; x_wconf 84' lang='lat' dir='ltr'>hujus</span> <span class='ocrx_word' id='word_1_100' title='bbox 571 1293 751 1356; x_wconf 77' lang='lat' dir='ltr'><strong>sacramenti</strong></span> <span class='ocrx_word' id='word_1_101' title='bbox 764 1296 844 1356; x_wconf 84' lang='lat' dir='ltr'>esset</span> <span class='ocrx_word' id='word_1_102' title='bbox 852 1291 933 1372; x_wconf 83' lang='lat' dir='ltr'>justo</span> <span class='ocrx_word' id='word_1_103' title='bbox 948 1308 1039 1354; x_wconf 75' lang='lat' dir='ltr'>eausa</span> <span class='ocrx_word' id='word_1_104' title='bbox 1053 1291 1130 1355; x_wconf 82' lang='lat' dir='ltr'>iliud</span> <span class='ocrx_word' id='word_1_105' title='bbox 1140 1291 1182 1355; x_wconf 89' lang='lat' dir='ltr'>sio</span> 
     </span>
     <span class='ocr_line' id='line_1_13' title="bbox 213 1381 696 1463; baseline 0.002 -21"><span class='ocrx_word' id='word_1_106' title='bbox 213 1381 413 1444; x_wconf 85' lang='lat' dir='ltr'>ministrandi.</span> <span class='ocrx_word' id='word_1_107' title='bbox 429 1383 472 1460; x_wconf 83' lang='lat' dir='ltr'>(S.</span> <span class='ocrx_word' id='word_1_108' title='bbox 488 1383 625 1463; x_wconf 61' lang='lat' dir='ltr'>Lignum,</span> <span class='ocrx_word' id='word_1_109' title='bbox 641 1381 696 1460; x_wconf 84' lang='lat' dir='ltr'>ib.)</span> 
     </span>
    </p>

    <p class='ocr_par' dir='ltr' id='par_1_4' title="bbox 211 1477 1183 2272">
     <span class='ocr_line' id='line_1_14' title="bbox 252 1477 1183 1544; baseline 0.001 -2"><span class='ocrx_word' id='word_1_110' title='bbox 252 1483 341 1544; x_wconf 87' lang='grc'><strong>3339.</strong></span> <span class='ocrx_word' id='word_1_111' title='bbox 357 1483 510 1544; x_wconf 79' lang='lat' dir='ltr'>tuentem</span> <span class='ocrx_word' id='word_1_112' title='bbox 518 1482 557 1542; x_wconf 89' lang='lat' dir='ltr'>sit</span> <span class='ocrx_word' id='word_1_113' title='bbox 565 1481 770 1543; x_wconf 81' lang='lat' dir='ltr'>necessarium</span> <span class='ocrx_word' id='word_1_114' title='bbox 779 1485 813 1544; x_wconf 89' lang='lat' dir='ltr'>ut</span> <span class='ocrx_word' id='word_1_115' title='bbox 824 1479 956 1544; x_wconf 82' lang='lat' dir='ltr'>chrisma</span> <span class='ocrx_word' id='word_1_116' title='bbox 963 1477 1183 1543; x_wconf 77' lang='lat' dir='ltr'>benedicetur?</span> 
     </span>
     <span class='ocr_line' id='line_1_15' title="bbox 212 1567 1180 1653; baseline 0 -22"><span class='ocrx_word' id='word_1_117' title='bbox 212 1601 252 1616; x_wconf 87' lang='lat'>-</span> <span class='ocrx_word' id='word_1_118' title='bbox 266 1568 475 1653; x_wconf 81' lang='lat' dir='ltr'>Respondetur</span> <span class='ocrx_word' id='word_1_119' title='bbox 488 1567 663 1632; x_wconf 82' lang='lat' dir='ltr'>affirmative</span> <span class='ocrx_word' id='word_1_120' title='bbox 683 1569 783 1651; x_wconf 84' lang='lat' dir='ltr'>quoad</span> <span class='ocrx_word' id='word_1_121' title='bbox 797 1569 1006 1633; x_wconf 77' lang='lat' dir='ltr'>necessitatem</span> <span class='ocrx_word' id='word_1_122' title='bbox 1019 1572 1180 1652; x_wconf 62' lang='lat' dir='ltr'>precepti:</span> 
     </span>
     <span class='ocr_line' id='line_1_16' title="bbox 214 1657 1182 1742; baseline -0.001 -19"><span class='ocrx_word' id='word_1_123' title='bbox 214 1659 378 1742; x_wconf 84' lang='lat' dir='ltr'>etquidem</span> <span class='ocrx_word' id='word_1_124' title='bbox 392 1659 528 1724; x_wconf 80' lang='lat' dir='ltr'>benedici</span> <span class='ocrx_word' id='word_1_125' title='bbox 546 1658 636 1721; x_wconf 85' lang='lat' dir='ltr'>debet</span> <span class='ocrx_word' id='word_1_126' title='bbox 652 1658 830 1741; x_wconf 73' lang='lat' dir='ltr'>regulariter</span> <span class='ocrx_word' id='word_1_127' title='bbox 851 1657 890 1720; x_wconf 84' lang='lat' dir='ltr'>eb</span> <span class='ocrx_word' id='word_1_128' title='bbox 912 1657 1083 1740; x_wconf 89' lang='lat' dir='ltr'>Episcopo;</span> <span class='ocrx_word' id='word_1_129' title='bbox 1103 1660 1182 1722; x_wconf 86' lang='lat' dir='ltr'>unde</span> 
     </span>
     <span class='ocr_line' id='line_1_17' title="bbox 214 1746 1180 1830; baseline -0.004 -16"><span class='ocrx_word' id='word_1_130' title='bbox 214 1751 370 1814; x_wconf 79' lang='lat' dir='ltr'>innocent.</span> <span class='ocrx_word' id='word_1_131' title='bbox 381 1751 409 1827; x_wconf 89' lang='lat'>1,</span> <span class='ocrx_word' id='word_1_132' title='bbox 423 1767 490 1830; x_wconf 85' lang='lat' dir='ltr'>cap.</span> <span class='ocrx_word' id='word_1_133' title='bbox 507 1751 575 1824; x_wconf 81' lang='lat' dir='ltr'>tro,</span> <span class='ocrx_word' id='word_1_134' title='bbox 589 1747 659 1810; x_wconf 85' lang='lat' dir='ltr'>dist.</span> <span class='ocrx_word' id='word_1_135' title='bbox 674 1753 706 1825; x_wconf 78' lang='lat' dir='ltr'>t,</span> <span class='ocrx_word' id='word_1_136' title='bbox 726 1747 765 1810; x_wconf 89' lang='lat' dir='ltr'>de</span> <span class='ocrx_word' id='word_1_137' title='bbox 779 1746 927 1824; x_wconf 65' lang='lat' dir='ltr'>Comere,</span> <span class='ocrx_word' id='word_1_138' title='bbox 941 1747 981 1809; x_wconf 82' lang='lat' dir='ltr'>eit</span> <span class='ocrx_word' id='word_1_139' title='bbox 997 1767 1005 1806; x_wconf 76' lang='grc' dir='ltr'><strong><em>ε</em></strong></span> <span class='ocrx_word' id='word_1_140' title='bbox 1025 1769 1041 1805; x_wconf 77' lang='lat' dir='ltr'>r</span> <span class='ocrx_word' id='word_1_141' title='bbox 1056 1749 1180 1830; x_wconf 79' lang='lat' dir='ltr'>Presby-</span> 
     </span>
     <span class='ocr_line' id='line_1_18' title="bbox 213 1835 1183 1920; baseline 0.004 -24"><span class='ocrx_word' id='word_1_142' title='bbox 213 1860 228 1896; x_wconf 69' lang='grc' dir='ltr'>ι)</span> <span class='ocrx_word' id='word_1_143' title='bbox 252 1838 324 1900; x_wconf 83' lang='lat' dir='ltr'>teris</span> <span class='ocrx_word' id='word_1_144' title='bbox 338 1840 401 1917; x_wconf 89' lang='lat' dir='ltr'>(sou</span> <span class='ocrx_word' id='word_1_145' title='bbox 415 1846 498 1900; x_wconf 82' lang='lat' dir='ltr'>extro</span> <span class='ocrx_word' id='word_1_146' title='bbox 509 1838 693 1920; x_wconf 78' lang='lat' dir='ltr'>Episcopum</span> <span class='ocrx_word' id='word_1_147' title='bbox 709 1855 764 1900; x_wconf 84' lang='lat' dir='ltr'>seu</span> <span class='ocrx_word' id='word_1_148' title='bbox 779 1843 925 1918; x_wconf 76' lang='lat' dir='ltr'>presente</span> <span class='ocrx_word' id='word_1_149' title='bbox 938 1835 1100 1918; x_wconf 83' lang='lat' dir='ltr'>Episcopo,</span> <span class='ocrx_word' id='word_1_150' title='bbox 1114 1837 1183 1920; x_wconf 85' lang='lat' dir='ltr'>bup</span> 
     </span>
     <span class='ocr_line' id='line_1_19' title="bbox 212 1923 1180 2008; baseline 0.002 -21"><span class='ocrx_word' id='word_1_151' title='bbox 212 1949 228 1986; x_wconf 81' lang='lat' dir='ltr'>u</span> <span class='ocrx_word' id='word_1_152' title='bbox 253 1926 351 2005; x_wconf 80' lang='lat' dir='ltr'>tinent)</span> <span class='ocrx_word' id='word_1_153' title='bbox 373 1927 536 1990; x_wconf 84' lang='lat' dir='ltr'>chrismate</span> <span class='ocrx_word' id='word_1_154' title='bbox 552 1923 716 2008; x_wconf 76' lang='lat' dir='ltr'>baptizatos</span> <span class='ocrx_word' id='word_1_155' title='bbox 729 1944 844 2008; x_wconf 83' lang='lat' dir='ltr'>ungere</span> <span class='ocrx_word' id='word_1_156' title='bbox 862 1925 951 2002; x_wconf 86' lang='lat' dir='ltr'>licet,</span> <span class='ocrx_word' id='word_1_157' title='bbox 973 1925 1025 1986; x_wconf 89' lang='lat' dir='ltr'>sed</span> <span class='ocrx_word' id='word_1_158' title='bbox 1050 1926 1134 2008; x_wconf 89' lang='lat' dir='ltr'>quod</span> <span class='ocrx_word' id='word_1_159' title='bbox 1146 1928 1180 1989; x_wconf 85' lang='lat' dir='ltr'>ob</span> 
     </span>
     <span class='ocr_line' id='line_1_20' title="bbox 212 2013 1180 2098; baseline 0.005 -25"><span class='ocrx_word' id='word_1_160' title='bbox 212 2035 227 2072; x_wconf 82' lang='lat' dir='ltr'>u</span> <span class='ocrx_word' id='word_1_161' title='bbox 252 2015 400 2098; x_wconf 78' lang='lat' dir='ltr'>Episcopo</span> <span class='ocrx_word' id='word_1_162' title='bbox 422 2015 511 2079; x_wconf 83' lang='lat' dir='ltr'>suerit</span> <span class='ocrx_word' id='word_1_163' title='bbox 530 2022 758 2090; x_wconf 64' lang='lat' dir='ltr'>consecratum</span> <span class='ocrx_word' id='word_1_164' title='bbox 782 2033 843 2077; x_wconf 90' lang='lat' dir='ltr'>non</span> <span class='ocrx_word' id='word_1_165' title='bbox 867 2020 968 2075; x_wconf 83' lang='lat' dir='ltr'>temen</span> <span class='ocrx_word' id='word_1_166' title='bbox 992 2013 1125 2077; x_wconf 78' lang='lat' dir='ltr'>frontem</span> <span class='ocrx_word' id='word_1_167' title='bbox 1147 2035 1180 2078; x_wconf 83' lang='lat' dir='ltr'>ex</span> 
     </span>
     <span class='ocr_line' id='line_1_21' title="bbox 211 2101 1183 2186; baseline 0.01 -28"><span class='ocrx_word' id='word_1_168' title='bbox 211 2124 227 2158; x_wconf 76' lang='lat' dir='ltr'>o</span> <span class='ocrx_word' id='word_1_169' title='bbox 250 2101 358 2164; x_wconf 87' lang='lat' dir='ltr'>eodem</span> <span class='ocrx_word' id='word_1_170' title='bbox 372 2103 439 2166; x_wconf 92' lang='lat' dir='ltr'>oleo</span> <span class='ocrx_word' id='word_1_171' title='bbox 453 2105 589 2186; x_wconf 82' lang='lat' dir='ltr'>signare.</span> <span class='ocrx_word' id='word_1_172' title='bbox 612 2103 696 2186; x_wconf 88' lang='lat' dir='ltr'>quod</span> <span class='ocrx_word' id='word_1_173' title='bbox 709 2103 781 2167; x_wconf 88' lang='lat' dir='ltr'>solis</span> <span class='ocrx_word' id='word_1_174' title='bbox 795 2103 923 2166; x_wconf 87' lang='lat' dir='ltr'>debetur</span> <span class='ocrx_word' id='word_1_175' title='bbox 937 2103 1096 2186; x_wconf 88' lang='lat' dir='ltr'>Episcopis</span> <span class='ocrx_word' id='word_1_176' title='bbox 1113 2107 1183 2168; x_wconf 75' lang='lat' dir='ltr'>oium</span> 
     </span>
     <span class='ocr_line' id='line_1_22' title="bbox 212 2189 724 2272; baseline 0.008 -24"><span class='ocrx_word' id='word_1_177' title='bbox 212 2211 228 2248; x_wconf 81' lang='grc' dir='ltr'><strong>ι</strong></span> <span class='ocrx_word' id='word_1_178' title='bbox 253 2189 531 2272; x_wconf 81' lang='lat' dir='ltr'>traduntSpiritum</span> <span class='ocrx_word' id='word_1_179' title='bbox 542 2193 724 2256; x_wconf 76' lang='lat' dir='ltr'>Sanctum.»</span> 
     </span>
    </p>
   </div>
   <div class='ocr_carea' id='block_1_4' title="bbox 206 2287 1197 3529">
    <p class='ocr_par' dir='ltr' id='par_1_5' title="bbox 206 2287 1197 3529">
     <span class='ocr_line' id='line_1_23' title="bbox 250 2287 1188 2369; baseline 0.007 -20"><span class='ocrx_word' id='word_1_180' title='bbox 250 2289 340 2350; x_wconf 73' lang='grc'><strong>3330.</strong></span> <span class='ocrx_word' id='word_1_181' title='bbox 363 2287 468 2361; x_wconf 80' lang='lat' dir='ltr'>Quoad</span> <span class='ocrx_word' id='word_1_182' title='bbox 481 2291 552 2353; x_wconf 82' lang='lat' dir='ltr'>vero</span> <span class='ocrx_word' id='word_1_183' title='bbox 570 2289 778 2354; x_wconf 73' lang='lat' dir='ltr'>necessitatem</span> <span class='ocrx_word' id='word_1_184' title='bbox 797 2291 999 2369; x_wconf 79' lang='lat' dir='ltr'>sacramenti,</span> <span class='ocrx_word' id='word_1_185' title='bbox 1014 2299 1188 2358; x_wconf 82' lang='lat' dir='ltr'>controver-</span> 
     </span>
     <span class='ocr_line' id='line_1_24' title="bbox 210 2375 1187 2466; baseline 0.008 -28"><span class='ocrx_word' id='word_1_186' title='bbox 210 2375 282 2440; x_wconf 86' lang='lat' dir='ltr'>titur</span> <span class='ocrx_word' id='word_1_187' title='bbox 296 2383 399 2439; x_wconf 90' lang='lat' dir='ltr'>utrum</span> <span class='ocrx_word' id='word_1_188' title='bbox 412 2377 451 2440; x_wconf 84' lang='lat' dir='ltr'>ad</span> <span class='ocrx_word' id='word_1_189' title='bbox 463 2377 522 2441; x_wconf 90' lang='lat' dir='ltr'>hoo</span> <span class='ocrx_word' id='word_1_190' title='bbox 534 2380 704 2462; x_wconf 77' lang='lat' dir='ltr'>requiretur</span> <span class='ocrx_word' id='word_1_191' title='bbox 724 2387 759 2444; x_wconf 86' lang='lat' dir='ltr'>ut</span> <span class='ocrx_word' id='word_1_192' title='bbox 771 2378 902 2444; x_wconf 86' lang='lat' dir='ltr'>chrisme</span> <span class='ocrx_word' id='word_1_193' title='bbox 919 2381 957 2442; x_wconf 87' lang='lat' dir='ltr'>sit</span> <span class='ocrx_word' id='word_1_194' title='bbox 972 2381 1011 2444; x_wconf 86' lang='lat' dir='ltr'>ab</span> <span class='ocrx_word' id='word_1_195' title='bbox 1032 2381 1187 2466; x_wconf 78' lang='lat' dir='ltr'>Episcopo</span> 
     </span>
     <span class='ocr_line' id='line_1_25' title="bbox 210 2457 1188 2548; baseline 0.007 -20"><span class='ocrx_word' id='word_1_196' title='bbox 210 2457 402 2529; x_wconf 56' lang='lat' dir='ltr'>benedictum</span> <span class='ocrx_word' id='word_1_197' title='bbox 419 2486 427 2528; x_wconf 91' lang='lat'><strong>:</strong></span> <span class='ocrx_word' id='word_1_198' title='bbox 442 2469 634 2531; x_wconf 88' lang='lat' dir='ltr'>communior</span> <span class='ocrx_word' id='word_1_199' title='bbox 647 2467 795 2532; x_wconf 86' lang='lat' dir='ltr'>sententie</span> <span class='ocrx_word' id='word_1_200' title='bbox 804 2467 951 2548; x_wconf 79' lang='lat' dir='ltr'>affirmnt;</span> <span class='ocrx_word' id='word_1_201' title='bbox 966 2476 997 2532; x_wconf 87' lang='lat' dir='ltr'>et</span> <span class='ocrx_word' id='word_1_202' title='bbox 1010 2471 1042 2532; x_wconf 91' lang='lat' dir='ltr'>iu</span> <span class='ocrx_word' id='word_1_203' title='bbox 1056 2473 1188 2535; x_wconf 84' lang='lat' dir='ltr'>Decreto</span> 
     </span>
     <span class='ocr_line' id='line_1_26' title="bbox 209 2554 1191 2639; baseline 0.007 -21"><span class='ocrx_word' id='word_1_204' title='bbox 209 2555 338 2639; x_wconf 80' lang='lat' dir='ltr'>Eugenii</span> <span class='ocrx_word' id='word_1_205' title='bbox 352 2557 391 2620; x_wconf 84' lang='lat' dir='ltr'>tv</span> <span class='ocrx_word' id='word_1_206' title='bbox 408 2554 518 2620; x_wconf 86' lang='lat' dir='ltr'>dicitur</span> <span class='ocrx_word' id='word_1_207' title='bbox 531 2557 687 2620; x_wconf 82' lang='lat' dir='ltr'>materiam</span> <span class='ocrx_word' id='word_1_208' title='bbox 702 2556 944 2622; x_wconf 83' lang='lat' dir='ltr'>Confirmatiouis</span> <span class='ocrx_word' id='word_1_209' title='bbox 963 2577 1030 2622; x_wconf 76' lang='lat' dir='ltr'>esse</span> <span class='ocrx_word' id='word_1_210' title='bbox 1047 2559 1191 2624; x_wconf 81' lang='lat' dir='ltr'>Chrieme</span> 
     </span>
     <span class='ocr_line' id='line_1_27' title="bbox 210 2639 1191 2731; baseline 0.006 -25"><span class='ocrx_word' id='word_1_211' title='bbox 210 2644 248 2707; x_wconf 86' lang='lat' dir='ltr'>ob</span> <span class='ocrx_word' id='word_1_212' title='bbox 262 2646 409 2728; x_wconf 83' lang='lat' dir='ltr'>Episcopo</span> <span class='ocrx_word' id='word_1_213' title='bbox 416 2645 607 2708; x_wconf 85' lang='lat' dir='ltr'>benedictum</span> <span class='ocrx_word' id='word_1_214' title='bbox 619 2667 627 2723; x_wconf 91' lang='lat'>;</span> <span class='ocrx_word' id='word_1_215' title='bbox 638 2639 787 2710; x_wconf 78' lang='lat' dir='ltr'>contraria</span> <span class='ocrx_word' id='word_1_216' title='bbox 796 2654 897 2710; x_wconf 82' lang='lat' dir='ltr'>tamen</span> <span class='ocrx_word' id='word_1_217' title='bbox 908 2649 1058 2712; x_wconf 83' lang='lat' dir='ltr'>sententie</span> <span class='ocrx_word' id='word_1_218' title='bbox 1070 2667 1191 2731; x_wconf 80' lang='lat' dir='ltr'>ungens</span> 
     </span>
     <span class='ocr_line' id='line_1_28' title="bbox 210 2734 1192 2818; baseline 0.008 -23"><span class='ocrx_word' id='word_1_219' title='bbox 210 2735 318 2797; x_wconf 77' lang='lat' dir='ltr'>merito</span> <span class='ocrx_word' id='word_1_220' title='bbox 342 2741 495 2817; x_wconf 80' lang='lat' dir='ltr'>reputetur</span> <span class='ocrx_word' id='word_1_221' title='bbox 509 2735 703 2818; x_wconf 73' lang='lat' dir='ltr'>probabitise</span> <span class='ocrx_word' id='word_1_222' title='bbox 721 2737 753 2798; x_wconf 84' lang='lat' dir='ltr'>S.</span> <span class='ocrx_word' id='word_1_223' title='bbox 770 2734 927 2816; x_wconf 84' lang='lat' dir='ltr'>Lignorio‚</span> <span class='ocrx_word' id='word_1_224' title='bbox 946 2737 982 2798; x_wconf 82' lang='lat' dir='ltr'>eo</span> <span class='ocrx_word' id='word_1_225' title='bbox 996 2736 1093 2818; x_wconf 81' lang='lat' dir='ltr'>quod,</span> <span class='ocrx_word' id='word_1_226' title='bbox 1110 2739 1192 2802; x_wconf 88' lang='lat' dir='ltr'>sicut</span> 
     </span>
     <span class='ocr_line' id='line_1_29' title="bbox 210 2821 1192 2906; baseline 0.008 -26"><span class='ocrx_word' id='word_1_227' title='bbox 210 2821 290 2902; x_wconf 86' lang='lat' dir='ltr'>Papo</span> <span class='ocrx_word' id='word_1_228' title='bbox 303 2825 490 2888; x_wconf 88' lang='lat' dir='ltr'>committere</span> <span class='ocrx_word' id='word_1_229' title='bbox 503 2831 601 2906; x_wconf 87' lang='lat' dir='ltr'>potest</span> <span class='ocrx_word' id='word_1_230' title='bbox 608 2823 737 2906; x_wconf 87' lang='lat' dir='ltr'>simplici</span> <span class='ocrx_word' id='word_1_231' title='bbox 748 2823 894 2888; x_wconf 81' lang='lat' dir='ltr'>sacerdoti</span> <span class='ocrx_word' id='word_1_232' title='bbox 903 2829 937 2887; x_wconf 85' lang='lat' dir='ltr'>ut</span> <span class='ocrx_word' id='word_1_233' title='bbox 943 2824 1192 2890; x_wconf 80' lang='lat' dir='ltr'>confirmationis</span> 
     </span>
     <span class='ocr_line' id='line_1_30' title="bbox 209 2907 1192 2993; baseline 0.014 -27"><span class='ocrx_word' id='word_1_234' title='bbox 209 2907 436 2976; x_wconf 81' lang='lat' dir='ltr'>Sacramentum</span> <span class='ocrx_word' id='word_1_235' title='bbox 454 2913 605 2991; x_wconf 83' lang='lat' dir='ltr'>conferat,</span> <span class='ocrx_word' id='word_1_236' title='bbox 621 2912 661 2975; x_wconf 86' lang='lat' dir='ltr'>ite</span> <span class='ocrx_word' id='word_1_237' title='bbox 679 2918 710 2976; x_wconf 88' lang='lat' dir='ltr'>et</span> <span class='ocrx_word' id='word_1_238' title='bbox 728 2919 763 2976; x_wconf 90' lang='lat' dir='ltr'>ut</span> <span class='ocrx_word' id='word_1_239' title='bbox 782 2911 912 2976; x_wconf 83' lang='lat' dir='ltr'>chrisme</span> <span class='ocrx_word' id='word_1_240' title='bbox 932 2912 1116 2993; x_wconf 52' lang='lat' dir='ltr'>benedicam</span> <span class='ocrx_word' id='word_1_241' title='bbox 1137 2915 1192 2980; x_wconf 80' lang='lat' dir='ltr'>sed</span> 
     </span>
     <span class='ocr_line' id='line_1_31' title="bbox 209 2994 1193 3080; baseline 0.01 -22"><span class='ocrx_word' id='word_1_242' title='bbox 209 2994 355 3078; x_wconf 84' lang='lat' dir='ltr'>quidquid</span> <span class='ocrx_word' id='word_1_243' title='bbox 370 3001 507 3064; x_wconf 83' lang='lat' dir='ltr'>nonnulli</span> <span class='ocrx_word' id='word_1_244' title='bbox 522 3001 638 3080; x_wconf 80' lang='lat' dir='ltr'>dieunt,</span> <span class='ocrx_word' id='word_1_245' title='bbox 648 3001 891 3071; x_wconf 87' lang='lat' dir='ltr'>certumvidetur</span> <span class='ocrx_word' id='word_1_246' title='bbox 900 3005 1112 3066; x_wconf 80' lang='lat' dir='ltr'>necessarium</span> <span class='ocrx_word' id='word_1_247' title='bbox 1122 3023 1193 3068; x_wconf 77' lang='lat' dir='ltr'>csse</span> 
     </span>
     <span class='ocr_line' id='line_1_32' title="bbox 208 3083 1193 3165; baseline 0.006 -17"><span class='ocrx_word' id='word_1_248' title='bbox 208 3083 290 3165; x_wconf 81' lang='lat' dir='ltr'>quud</span> <span class='ocrx_word' id='word_1_249' title='bbox 304 3085 434 3150; x_wconf 85' lang='lat' dir='ltr'>chrisme</span> <span class='ocrx_word' id='word_1_250' title='bbox 448 3089 537 3152; x_wconf 85' lang='lat' dir='ltr'>tuerit</span> <span class='ocrx_word' id='word_1_251' title='bbox 550 3091 654 3153; x_wconf 80' lang='lat' dir='ltr'>saltem</span> <span class='ocrx_word' id='word_1_252' title='bbox 671 3090 864 3153; x_wconf 84' lang='lat' dir='ltr'>benedictum</span> <span class='ocrx_word' id='word_1_253' title='bbox 878 3092 897 3152; x_wconf 80' lang='lat' dir='ltr'>t</span> <span class='ocrx_word' id='word_1_254' title='bbox 917 3091 1075 3156; x_wconf 84' lang='lat' dir='ltr'>secerdote</span> <span class='ocrx_word' id='word_1_255' title='bbox 1088 3093 1193 3158; x_wconf 82' lang='lat' dir='ltr'>iocul-</span> 
     </span>
     <span class='ocr_line' id='line_1_33' title="bbox 208 3175 1196 3256; baseline 0.01 -22"><span class='ocrx_word' id='word_1_256' title='bbox 208 3177 298 3236; x_wconf 80' lang='lat' dir='ltr'>tetem</span> <span class='ocrx_word' id='word_1_257' title='bbox 313 3175 331 3237; x_wconf 76' lang='lat' dir='ltr'>i</span> <span class='ocrx_word' id='word_1_258' title='bbox 344 3175 425 3256; x_wconf 76' lang='lat' dir='ltr'>Papi</span> <span class='ocrx_word' id='word_1_259' title='bbox 439 3175 567 3242; x_wconf 83' lang='lat' dir='ltr'>habento</span> <span class='ocrx_word' id='word_1_260' title='bbox 583 3199 592 3242; x_wconf 92' lang='lat'>:</span> <span class='ocrx_word' id='word_1_261' title='bbox 607 3179 746 3242; x_wconf 83' lang='lat' dir='ltr'>Clemens</span> <span class='ocrx_word' id='word_1_262' title='bbox 765 3181 831 3242; x_wconf 87' lang='lat' dir='ltr'>Vlll</span> <span class='ocrx_word' id='word_1_263' title='bbox 845 3179 926 3242; x_wconf 90' lang='lat' dir='ltr'>enim</span> <span class='ocrx_word' id='word_1_264' title='bbox 940 3179 1108 3244; x_wconf 75' lang='lat' dir='ltr'>declararit</span> <span class='ocrx_word' id='word_1_265' title='bbox 1124 3184 1159 3244; x_wconf 85' lang='lat' dir='ltr'>E</span> <span class='ocrx_word' id='word_1_266' title='bbox 1159 3205 1196 3244; x_wconf 84' lang='grc' dir='ltr'>,τ-</span> 
     </span>
     <span class='ocr_line' id='line_1_34' title="bbox 208 3261 1196 3353; baseline 0.016 -35"><span class='ocrx_word' id='word_1_267' title='bbox 208 3261 514 3328; x_wconf 78' lang='lat' dir='ltr'>tr·ennm-Unetionem</span> <span class='ocrx_word' id='word_1_268' title='bbox 539 3268 643 3330; x_wconf 81' lang='lat' dir='ltr'>latinis</span> <span class='ocrx_word' id='word_1_269' title='bbox 661 3267 799 3330; x_wconf 84' lang='lat' dir='ltr'>coitotom</span> <span class='ocrx_word' id='word_1_270' title='bbox 821 3267 841 3330; x_wconf 82' lang='grc' dir='ltr'><em>ἀ</em></span> <span class='ocrx_word' id='word_1_271' title='bbox 861 3267 1059 3332; x_wconf 71' lang='lat' dir='ltr'>sacerdotibus</span> <span class='ocrx_word' id='word_1_272' title='bbox 1076 3273 1196 3353; x_wconf 71' lang='lat' dir='ltr'>procis</span> 
     </span>
     <span class='ocr_line' id='line_1_35' title="bbox 206 3348 1195 3448; baseline 0.013 -39"><span class='ocrx_word' id='word_1_273' title='bbox 206 3348 267 3448; x_wconf 71' lang='lat' dir='ltr'>otro</span> <span class='ocrx_word' id='word_1_274' title='bbox 287 3350 325 3412; x_wconf 79' lang='lat' dir='ltr'>ab</span> <span class='ocrx_word' id='word_1_275' title='bbox 343 3353 473 3435; x_wconf 77' lang='lat' dir='ltr'>ipsismet</span> <span class='ocrx_word' id='word_1_276' title='bbox 495 3355 638 3419; x_wconf 81' lang='lat' dir='ltr'>benedicto</span> <span class='ocrx_word' id='word_1_277' title='bbox 653 3359 662 3394; x_wconf 82' lang='lat'><strong>¹</strong></span> <span class='ocrx_word' id='word_1_278' title='bbox 677 3376 734 3420; x_wconf 79' lang='lat' dir='ltr'>cese</span> <span class='ocrx_word' id='word_1_279' title='bbox 755 3355 908 3432; x_wconf 60' lang='lat' dir='ltr'>validum</span> <span class='ocrx_word' id='word_1_280' title='bbox 920 3375 959 3420; x_wconf 84' lang='lat' dir='ltr'>ex</span> <span class='ocrx_word' id='word_1_281' title='bbox 971 3375 1034 3439; x_wconf 86' lang='lat' dir='ltr'>quo</span> <span class='ocrx_word' id='word_1_282' title='bbox 1050 3361 1195 3444; x_wconf 87' lang='lat' dir='ltr'>supponi</span> 
     </span>
     <span class='ocr_line' id='line_1_36' title="bbox 207 3436 1197 3529; baseline 0.018 -35"><span class='ocrx_word' id='word_1_283' title='bbox 207 3436 400 3504; x_wconf 78' lang='lat' dir='ltr'>videturesse</span> <span class='ocrx_word' id='word_1_284' title='bbox 413 3443 589 3522; x_wconf 80' lang='lat' dir='ltr'>invalidam,</span> <span class='ocrx_word' id='word_1_285' title='bbox 605 3447 629 3508; x_wconf 83' lang='lat' dir='ltr'>si</span> <span class='ocrx_word' id='word_1_286' title='bbox 644 3446 745 3508; x_wconf 88' lang='lat' dir='ltr'>oleum</span> <span class='ocrx_word' id='word_1_287' title='bbox 758 3445 797 3508; x_wconf 85' lang='lat' dir='ltr'>eb</span> <span class='ocrx_word' id='word_1_288' title='bbox 813 3446 887 3529; x_wconf 81' lang='lat' dir='ltr'>ipsis</span> <span class='ocrx_word' id='word_1_289' title='bbox 900 3445 1006 3508; x_wconf 71' lang='lat' dir='ltr'>saitem</span> <span class='ocrx_word' id='word_1_290' title='bbox 1026 3465 1094 3510; x_wconf 88' lang='lat' dir='ltr'>uon</span> <span class='ocrx_word' id='word_1_291' title='bbox 1118 3449 1197 3512; x_wconf 61' lang='lat' dir='ltr'>fuir</span> 
     </span>
    </p>
   </div>
   <div class='ocr_carea' id='block_1_5' title="bbox 206 3621 1196 3764">
    <p class='ocr_par' dir='ltr' id='par_1_6' title="bbox 206 3621 1196 3764">
     <span class='ocr_line' id='line_1_37' title="bbox 237 3621 1196 3697; baseline 0.015 -23"><span class='ocrx_word' id='word_1_292' title='bbox 237 3622 245 3652; x_wconf 78' lang='lat'>⁸</span> <span class='ocrx_word' id='word_1_293' title='bbox 262 3621 348 3676; x_wconf 84' lang='lat' dir='ltr'>Soient</span> <span class='ocrx_word' id='word_1_294' title='bbox 365 3626 430 3678; x_wconf 81' lang='lat' dir='ltr'>onim</span> <span class='ocrx_word' id='word_1_295' title='bbox 446 3621 587 3680; x_wconf 76' lang='lat' dir='ltr'>reeerrioter</span> <span class='ocrx_word' id='word_1_296' title='bbox 595 3636 670 3694; x_wconf 69' lang='lat' dir='ltr'>preci</span> <span class='ocrx_word' id='word_1_297' title='bbox 683 3637 767 3682; x_wconf 78' lang='lat' dir='ltr'>oleum</span> <span class='ocrx_word' id='word_1_298' title='bbox 783 3631 938 3684; x_wconf 81' lang='lat' dir='ltr'>intirmorum</span> <span class='ocrx_word' id='word_1_299' title='bbox 954 3628 1056 3697; x_wconf 76' lang='lat' dir='ltr'>iprimet</span> <span class='ocrx_word' id='word_1_300' title='bbox 1072 3631 1196 3688; x_wconf 62' lang='lat' dir='ltr'>medi·</span> 
     </span>
     <span class='ocr_line' id='line_1_38' title="bbox 206 3693 806 3764; baseline 0.018 -20"><span class='ocrx_word' id='word_1_301' title='bbox 206 3705 275 3758; x_wconf 72' lang='lat' dir='ltr'>rere,</span> <span class='ocrx_word' id='word_1_302' title='bbox 287 3693 311 3746; x_wconf 82' lang='lat' dir='ltr'>iu</span> <span class='ocrx_word' id='word_1_303' title='bbox 320 3697 447 3759; x_wconf 63' lang='lat' dir='ltr'>tolerante</span> <span class='ocrx_word' id='word_1_304' title='bbox 460 3697 510 3749; x_wconf 73' lang='lat' dir='ltr'>imo</span> <span class='ocrx_word' id='word_1_305' title='bbox 523 3699 675 3764; x_wconf 74' lang='lat' dir='ltr'>opprobeuto</span> <span class='ocrx_word' id='word_1_306' title='bbox 687 3701 806 3755; x_wconf 66' lang='lat' dir='ltr'>Eoolorit.</span> 
     </span>
    </p>
   </div>
   <div class='ocr_carea' id='block_1_6' title="bbox 0 0 1281 3992">
    <p class='ocr_par' dir='ltr' id='par_1_7' title="bbox 0 0 1281 3992">
     <span class='ocr_line' id='line_1_39' title="bbox 0 0 1281 3992; baseline 0 0"><span class='ocrx_word' id='word_1_307' title='bbox 0 0 1281 3992; x_wconf 95' lang='lat' dir='ltr'> </span> 
     </span>
    </p>
   </div>
  </div>
 </body>
</html>
