2522 3992
211 235 268 299 tra
430 245 566 292 nanuum
587 247 687 294 rorras
706 245 789 294 auare
810 207 957 292 canonrdr.

209 337 323 406 ansata
346 341 582 421 transgressione
596 343 674 418 voti,
691 344 747 404 niai
771 341 940 424 perieulum
964 339 1075 421 gravis
1102 330 1216 394 damni

183 505 187 520 ‚
208 423 290 486 sitin
306 429 401 488 mora.
414 429 446 489 S.
463 430 597 509 Lignea,
613 430 667 506 ila,
684 436 718 494 n·
731 435 782 496 33.
1234 487 1235 516 p

247 517 337 576 2784.
361 515 482 589 Quaeri't.
505 523 536 580 8⁰
551 520 696 591 Quaenam
716 520 868 602 quantitas
885 517 1067 600 requiratur
1083 523 1128 581 ut
1144 517 1213 581 reli·
1234 531 1235 590 t

208 600 385 680 giosusearn
400 606 571 687 expendens
585 608 650 670 sine
663 608 803 685 lieentia,
819 608 946 690 graviter
960 606 1103 688 peccet?

247 691 399 774 Respond.
419 697 454 757 ln
475 694 530 758 hae
548 699 714 777 quantitate
726 696 908 780 assignanda
920 694 1008 757 valde
1029 693 1205 757 dissentire
1234 697 1235 782 l

208 776 270 840 ltu.
291 799 299 842 ε
322 783 501 862 generaliter
525 791 628 848 tamen
654 788 816 850 convenire
842 803 910 849 eam
935 783 1048 846 saltem
1079 783 1202 865 requiri
1234 783 1235 864 l

207 871 404 950 quantitatem
419 892 487 954 quae
502 873 533 935 in
551 873 630 938 furto
644 883 689 938 est
706 875 874 939 necessarie
887 873 924 936 ad
938 873 1201 935 constituendum
1234 867 1235 956 l

208 965 365 1038 peecatum
379 963 516 1024 mortale.
533 965 610 1026 Sunt
623 973 724 1028 autem
745 965 796 1047 qui
819 963 924 1027 dieunt
941 969 1061 1024 uniam
1077 963 1201 1042 requiri

209 1048 405 1124 quantitatem
427 1059 541 1130 quante
561 1054 724 1134 requiritur
747 1053 778 1115 in
806 1053 886 1115 lurto
901 1049 1196 1123 fitiorumtamtties3

208 1131 239 1192 id
259 1141 304 1194 est
327 1137 518 1218 probabiliter
536 1141 629 1224 duplh
650 1145 796 1222 majorem
810 1145 903 1224 quiam
924 1141 955 1201 in
969 1147 1198 1201 extraneorum

134 1287 138 1296 ,
208 1219 314 1284 furtis:
330 1225 382 1287 sed
397 1225 453 1290 hoo
467 1231 643 1312 negaturah
656 1232 732 1309 aliis,
743 1238 774 1294 et
786 1227 1093 1313 probahiliirslalsum
1106 1247 1198 1308 repu·
1234 1227 1235 1308 l

208 1313 250 1371 tat
263 1313 294 1376 S.
311 1314 430 1395 Liguor.
449 1317 513 1396 (ia,
531 1323 566 1380 u⁰
579 1323 646 1398 tlh
665 1315 759 1384 Bouix
771 1326 873 1381 autern
888 1334 976 1397 grane
995 1333 1064 1378 esse
1080 1333 1196 1396 peeca-

207 1403 273 1462 tum
286 1403 401 1482 judicat
414 1406 438 1467 si
454 1408 610 1489 religiosus
625 1409 656 1470 in
671 1410 828 1491 proprium
848 1423 938 1470 usum
959 1403 1128 1473 absumat,
1145 1413 1196 1467 aut

207 1487 291 1550 alteri
306 1493 446 1576 religioso
460 1496 595 1575 ejusdem
610 1497 783 1560 monasterii
797 1497 890 1558 donet
901 1493 1034 1556 valorem
1050 1496 1094 1556 20
1109 1492 1193 1554 fran-

121 1629 130 1635 .
207 1597 329 1660 aarum3
346 1584 370 1645 si
384 1587 454 1646 rerd
469 1586 616 1648 extraneis
629 1586 734 1663 daret,
749 1587 847 1668 gravis
861 1583 984 1646 materia
998 1599 1068 1642 esse
1081 1582 1191 1644 viden·

207 1676 256 1732 tur
272 1676 309 1734 l0
323 1672 416 1736 tranei
429 1721 436 1752 ‚
447 1676 647 1758 supponendo
669 1676 886 1738 monasterium
903 1689 1110 1752 neeegenum
1126 1689 1190 1734 esse

209 1777 266 1822 nee
280 1763 469 1843 opulentum.

247 1853 337 1913 2785.
362 1853 391 1914 Si
407 1855 533 1936 accipiat
549 1856 615 1918 sine
628 1855 761 1931 lieentia,
776 1871 847 1916 cum
862 1852 964 1914 animo
978 1849 1009 1911 in
1023 1853 1187 1932 proprium

207 1957 297 2001 usum
311 1944 500 2020 assumendi,
514 1945 690 2007 materiato
708 1943 880 2006 franeorum
895 1947 940 2003 est
952 1941 1052 2022 gravis
1070 1961 1079 2017 ;
1095 1943 1124 2002 si
1139 1961 1186 2004 ar·

207 2029 296 2110 cipiet
306 2033 429 2094 nomine
441 2035 613 2096 monasterii
627 2042 657 2097 et
669 2051 739 2096 eum
754 2031 919 2094 intentione
933 2029 965 2092 in
977 2049 1090 2092 manus
1103 2033 1186 2094 Pre-

208 2117 257 2178 lati
272 2121 489 2200 consignandi,
506 2123 623 2185 nullum
642 2130 687 2186 est
704 2121 882 2204 regulariter
904 2125 1066 2201 peecatum
1084 2139 1092 2180 :
1116 2121 1186 2202 quia

209 2207 316 2269 meritd
331 2209 473 2271 Praelatus
488 2216 680 2292 praesumitur
694 2210 875 2275 consentire.
892 2209 923 2270 Si
934 2225 999 2270 rem
1012 2208 1105 2270 etiam
1122 2227 1186 2292 pre·

207 2296 312 2358 tiosarn
325 2297 469 2380 subripiat
480 2299 510 2362 in
523 2301 717 2377 monasterio,
734 2303 770 2362 et
779 2305 880 2361 mente
889 2303 923 2360 ut
932 2304 1035 2380 postea
1045 2296 1116 2360 loeo
1131 2318 1184 2362 suo

194 2387 350 2467 reponat,
375 2407 436 2450 non
460 2389 516 2451 erit
534 2391 659 2452 materia
677 2389 796 2471 gravis:
811 2393 842 2450 et
863 2387 921 2450 hoo
939 2403 1045 2448 verum
1067 2386 1184 2451 videtur

206 2475 312 2538 saltem
326 2476 487 2541 ordinarie.
503 2479 578 2542 lide
592 2480 704 2556 hautx,
720 2478 764 2540 Dr
778 2476 895 2558 Requi„
913 2483 987 2538 torn.
1003 2479 1040 2552 ἓ,
1062 2495 1094 2556 p.
1111 2479 1181 2538 562.

246 2570 335 2629 2786.
359 2569 527 2651 Religiosus
544 2569 597 2650 qui
618 2573 724 2630 mutuo
742 2573 895 2650 praestaret
912 2565 977 2626 sind
1000 2563 1123 2626 lieentia
1137 2585 1183 2628 res

205 2654 261 2717 sibi
275 2656 313 2718 ad
328 2675 418 2720 usum
431 2675 606 2732 concessas,
617 2665 754 2738 peccaret
763 2655 901 2738 quidem,
912 2651 965 2715 sed
977 2671 1039 2714 non
1053 2655 1182 2732 graviter

206 2743 231 2806 si
245 2753 326 2808 tutus
339 2755 416 2810 esset
429 2747 467 2810 de
481 2747 678 2809 restitutione.
695 2747 726 2806 S.
741 2744 876 2826 Lignea,
890 2743 942 2804 tib.
959 2746 994 2820 l,
1011 2751 1045 2803 n⁰
1059 2747 1112 2804 hl.

246 2839 334 2898 atat.
351 2837 473 2909 Ouaerit.
489 2841 520 2900 9ο
535 2837 679 2909 Ouaenam
694 2833 760 2896 latae
780 2833 841 2895 sint
853 2849 950 2914 poenae
969 2835 1078 2894 eontra
1092 2851 1179 2914 regu·

206 2920 300 2985 leretn
314 2926 365 3003 qui
381 2925 594 3007 proprietarius
608 2923 718 2985 obiisse
731 2919 1032 3004 deprehenderetur?

246 3013 398 3092 Respond.
429 3035 444 3072 a
467 3015 629 3094 Regulares
651 3013 808 3093 utriusque
831 3012 921 3072 sextis
946 3007 1128 3091 deprehensi
1149 3013 1176 3072 in

205 3122 222 3161 a
246 3107 342 3162 morte
363 3099 473 3163 habere
494 3103 624 3184 aliquam
645 3100 879 3184 proprietatem,
895 3097 1007 3160 debent
1020 3115 1094 3160 oum
1118 3100 1175 3180 ipsa

206 3209 221 3247 a
246 3189 408 3251 subterrari
422 3197 504 3252 extra
519 3191 735 3254 monasterium
749 3191 781 3252 in
790 3187 996 3269 sterquilinio,
1012 3185 1175 3269 insignum

207 3299 222 3336 r
246 3295 309 3340 suae
322 3275 523 3341 damnationis
536 3287 664 3342 aeternae.

245 3389 261 3426 n
286 3369 343 3429 Pro
359 3368 422 3449 (lali
438 3368 586 3449 regulari)
609 3387 671 3430 non
690 3373 761 3432 sunt
776 3365 929 3430 offerenda
942 3365 1108 3442 sacrificia,
1123 3385 1174 3430 nae

206 3477 221 3512 r
246 3455 309 3518 lieri
325 3457 435 3520 debent
448 3457 635 3518 orationes...
650 3458 679 3518 Si
697 3462 782 3534 (curn
796 3456 861 3518 aliis
874 3453 1028 3531 iratribus)
1044 3457 1174 3536 sepultus

207 3564 222 3602 r
246 3544 353 3623 luerit,
375 3546 465 3608 debet
483 3545 554 3611 inde
573 3545 748 3620 exhumari,
771 3545 876 3611 alsine
899 3540 1041 3605 scandalo
1063 3543 1095 3604 id
1113 3543 1170 3606 lteri

207 3651 222 3689 ι
247 3635 348 3719 possit,
