2522 3996
205 299 242 362 48
421 315 560 364 aauuaua
580 315 681 363 roaros
702 313 784 362 roais
804 291 967 363 oauoumr.

204 438 219 475 a
243 423 276 478 ut
290 417 361 480 chm
373 421 493 497 tempus
515 415 591 491 crit,
612 415 932 480 Extrema-Unctioais
955 417 1178 476 sacramentum

205 527 220 564 a
245 505 300 568 sibi
315 505 537 568 administretet
546 505 654 566 animae
665 504 959 568 commendationem
968 501 1065 566 iaciat.
1078 501 1179 565 uvida

207 594 321 671 Bouill,
336 595 381 657 Da
396 594 540 668 Por-ocho,
556 613 587 678 p.
603 599 673 656 477.

247 687 334 746 1387.
349 683 604 745 Notandumcirca
610 687 865 745 sacramentorum
872 680 1179 759 administrationem,

207 773 370 852 parochum
387 791 475 854 possa
488 771 641 854 suppleri,
661 772 721 834 sivo
739 790 793 854 per
805 772 950 833 vicarium
965 771 1026 832 siva
1040 770 1182 852 paralius

207 878 225 922 a
244 861 374 940 parocho
395 860 442 923 val
458 859 498 924 ab
511 859 660 943 Episcopo
679 859 847 941 deputatos.
871 859 972 932 Qualis
993 866 1095 921 autem
1109 866 1182 921 tunc

208 950 378 1030 requiratur
390 949 543 1032 deputatio
556 996 563 1026 ‚
575 955 605 1010 et
618 968 656 1011 an
666 949 793 1012 sufficiat
805 966 971 1010 consensus
980 955 1182 1029 praesumptus

207 1039 253 1100 vel
268 1039 455 1114 ratihabitio,
479 1039 589 1121 inquiri
620 1045 725 1119 potest.
756 1037 840 1100 Circa
873 1037 957 1119 quod
985 1037 1184 1118 respondetur

210 1145 267 1189 nec
303 1145 485 1190 consensum
512 1135 730 1211 praesumptum
762 1145 819 1188 nec
845 1144 931 1208 spem
966 1125 1185 1188 ratihabitionis

210 1215 357 1293 sufficere,
370 1217 393 1278 si
405 1215 555 1297 agaturde
563 1216 756 1278 sacramentis
766 1234 820 1298 pro
832 1233 964 1296 quorum
973 1215 1072 1276 valore
1081 1216 1185 1296 requi-

210 1305 283 1367 ritur
304 1304 471 1385 jurisdictio
485 1353 492 1376 ,
506 1305 552 1366 vel
567 1307 590 1366 si
612 1305 759 1385 delegatio
774 1305 911 1386 specialis
925 1310 1002 1366 asset
1015 1303 1184 1384 exigenda,

212 1413 237 1454 v.
254 1413 298 1475 g„
314 1395 338 1454 si
354 1401 458 1474 agatur
477 1392 516 1455 de
530 1395 725 1456 sacramentis
739 1393 922 1472 paenitentia
935 1393 980 1455 vel
1002 1393 1187 1456 matrimonii

211 1483 255 1543 vel
279 1483 404 1544 ordinis,
426 1485 511 1545 Tunc
532 1483 694 1564 requiritur
708 1501 874 1544 consensus
894 1483 1036 1564 positivus
1055 1481 1090 1544 de
1107 1501 1189 1564 proa-

211 1572 287 1632 seutr'
299 1619 307 1649 ‚
334 1578 368 1634 ut
388 1572 489 1650 licita,
511 1573 573 1634 imo
595 1579 625 1634 et
647 1571 742 1633 aalide
766 1573 800 1649 (si
822 1580 1043 1633 sacramentum
1071 1571 1189 1634 ordinis

212 1661 369 1743 excipias),
393 1661 457 1723 haec
484 1661 740 1724 administrentur.
770 1660 853 1722 Idem
881 1659 953 1722 dicit
979 1662 1121 1742 Lequcux
1149 1661 1189 1724 da

213 1743 1191 1832 communionepaschali‚quiaetsivaleatcommunioproutsacra·

215 1847 350 1901 mentum
365 1841 430 1900 sina
444 1839 550 1900 actuali
564 1837 773 1918 deputatione,
791 1858 852 1900 non
864 1840 941 1902 valet
956 1846 1057 1901 mmen
1071 1847 1104 1901 ut
1117 1858 1190 1921 pas-

214 1927 324 2004 chatis,
341 1928 394 1990 sed
414 1926 514 2008 quoad
529 1926 585 1988 hoc
604 1928 697 1988 teneri
718 1935 815 2009 potest
835 1928 915 2010 quod
930 1928 1001 1990 dicit
1015 1930 1046 1990 S.
1063 1929 1187 2009 Liguor.

215 2016 277 2093 (lib.
294 2021 329 2090 6,
353 2025 386 2076 n⁰
401 2020 490 2094 300);
510 2033 619 2097 ncrnpc
640 2017 776 2079 sufficere
794 2025 867 2079 tunc
887 2036 1068 2079 consensum
1093 2019 1190 2079 inter·-

214 2106 393 2187 pretotioum
414 2114 466 2166 out
477 2113 704 2187 praesumptum,
719 2105 801 2168 modo
814 2107 893 2167 adsit
906 2106 1051 2169 certitudo
1063 2108 1191 2170 morulis

216 2193 249 2254 dc
265 2197 413 2258 uoluntate
423 2195 557 2276 parochi.

255 2287 289 2346 ln
304 2285 369 2346 aliis
389 2293 489 2347 autem
515 2286 717 2350 sacramentis
730 2303 896 2348 consensus
919 2291 1121 2368 praesumptus
1143 2287 1190 2348 rel

217 2374 306 2436 ctiam
321 2391 390 2457 spes
403 2373 620 2437 ratihabitionis
634 2375 770 2438 sullicere
784 2383 890 2458 potest.
907 2377 982 2440 Vide
995 2395 1085 2458 supra
1095 2377 1189 2458 (388).

588 2555 742 2614 roucruu
770 2557 814 2614 111.

400 2687 437 2733 oa
458 2687 529 2734 taur
549 2687 674 2735 rtaocm
696 2689 792 2742 oooao
812 2689 1002 2738 occurreras.

258 2827 346 2887 1388.
375 2821 567 2884 Oblatiouum
595 2821 742 2884 vocabulo
772 2821 968 2904 intelligimus
999 2844 1015 2883 a
1040 2822 1106 2886 illas
1143 2841 1194 2888 res

219 2936 233 2974 r
259 2911 385 2974 mobiles
408 2929 476 2993 quae
506 2913 523 2973 a
552 2908 690 2973 fidelibus
714 2910 881 2974 offeruntur
913 2911 950 2974 ad
977 2913 1118 2976 Ecclesia
1146 2915 1193 2976 vel

220 3025 234 3062 a
260 3002 465 3064 ministrorum
486 3018 592 3078 usum,
620 3001 685 3061 tiam
705 3002 742 3062 ad
763 3001 854 3062 altare
869 3002 1104 3080 intromissam,
1126 3009 1194 3065 tum

220 3115 234 3152 a
259 3092 416 3156 occasione
430 3091 718 3152 aliarumsacrarum
730 3089 1014 3172 functionumputa
1029 3110 1085 3173 pro
1100 3091 1196 3154 bene-

221 3205 236 3244 o
259 3180 389 3244 dictione
414 3179 623 3261 nuptiarum...
650 3185 680 3239 et
699 3177 764 3240 aliis
786 3178 934 3242 similibus
953 3201 969 3239 o
997 3181 1123 3262 (Bouix,
1149 3181 1196 3244 De

222 3271 363 3349 Porooho,
380 3291 409 3352 p.
421 3271 501 3346 trah
517 3267 622 3349 gallice
635 3275 778 3330 vocantur
794 3267 907 3331 Casuel.

261 3365 349 3424 1389.
368 3362 440 3422 Jurc
458 3357 630 3431 communi,
651 3355 817 3418 oblationes
831 3357 892 3420 siva
910 3363 978 3440 jura
996 3359 1120 3438 debitae,
1131 3361 1196 3426 sira

222 3453 327 3532 sponte
341 3449 448 3512 oblatae
470 3447 540 3528 (nisi
561 3453 634 3510 tunc
652 3446 811 3527 specialem
828 3447 1057 3512 destinationem
1072 3469 1108 3512 ex
1123 3451 1196 3515 otte·

223 3547 306 3601 rente
319 3537 469 3618 habeant),
485 3536 522 3598 ad
532 3535 697 3617 parochum
712 3537 872 3618 pertineat,
888 3540 943 3600 etsi
958 3558 1020 3602 non
1036 3540 1098 3622 ipse
1109 3560 1196 3622 paro-

223 3628 316 3703 clms,
340 3625 392 3688 sed
414 3627 487 3689 altar
509 3625 678 3689 lunationes
704 3644 804 3690 sacras
827 3627 858 3690 in
882 3628 1043 3710 parochiali
1067 3630 1194 3694 ecclesia

225 3719 356 3798 peragat,
370 3715 449 3779 salut
461 3721 563 3780 umen
574 3731 679 3782 aarum
692 3714 778 3777 tertia
791 3715 836 3780 val
851 3720 957 3782 ouant
967 3724 1060 3789 parte.
1076 3735 1145 3786 ouae
1157 3735 1194 3782 aa
