2550 3992
211 252 271 314 688
437 267 577 314 uenuste
597 265 701 314 rursus
722 267 804 315 tuars
824 269 973 318 amonica.

212 389 394 451 directeaut
409 383 571 456 indirecte,
593 396 763 466 praerepto,
780 386 927 464 consilio,
945 387 1070 463 timore,
1089 389 1194 462 minis,

212 485 265 538 aut
281 475 442 537 biandittis
455 473 494 535 ad
510 473 698 554 hujusmodi
723 475 1011 538 manifestationem
1026 479 1195 540 eonscien-

212 568 262 628 tiae
277 565 335 627 sibi
352 563 564 645 peragendam
583 580 591 638 ;
610 563 809 643 subditisque
829 583 848 626 e
871 583 1025 628 converso
1040 568 1199 648 praecipit,

213 669 247 718 ut
270 653 498 735 Superioribus
523 650 698 732 majoribus
719 653 914 716 denuncient
936 655 1125 736 Superiores
1141 659 1195 717 nri·

212 761 316 818 nores,
334 743 387 823 qui
403 761 457 806 eos
473 741 512 805 ad
534 741 563 804 id
586 739 736 804 iuducere
751 741 889 804 audeant
903 765 913 818 ;
929 753 961 805 et
981 745 1006 805 si
1021 757 1136 825 agatur
1158 747 1196 808 de

215 833 413 896 tioderatore
432 831 481 893 vel
498 829 704 892 Moderatrice
724 829 880 906 Generaii,
896 833 1097 896 denuntiatio
1121 831 1194 897 bute
1258 861 1259 874 ¹

212 923 248 986 S.
267 921 511 1002 Congregationi
528 923 568 981 ab
584 919 621 980 iis
636 919 703 981 tisri
717 921 840 982 debeat.

252 1011 305 1075 lii.
339 1013 402 1072 Hoc
425 1019 530 1072 autem
557 1008 687 1070 minime
713 1008 849 1090 impedit
873 1011 1047 1090 quominus
1072 1011 1194 1074 subditi

214 1100 311 1162 iibere
337 1117 372 1160 ac
402 1098 486 1160 uitro
521 1100 643 1178 aperire
671 1117 765 1160 suum
797 1098 940 1160 animum
969 1097 1196 1180 Superioribus

213 1189 337 1249 valeant
362 1185 400 1248 ad
416 1185 565 1248 effectum
581 1186 621 1247 ab
642 1185 771 1248 iliorum
796 1186 962 1269 prudentia
980 1190 1012 1250 in
1029 1189 1141 1254 dubiis
1163 1209 1196 1252 ac

213 1277 424 1338 anxietatibus
435 1276 607 1338 consilium
625 1285 655 1336 st
670 1275 876 1338 directionem
889 1276 1056 1340 obtinendi
1066 1297 1127 1360 pro
1139 1283 1196 1342 rir-

214 1376 317 1428 tutum
336 1364 546 1446 acquisitione
558 1382 595 1426 ae
610 1363 811 1443 periectionis
828 1382 1004 1446 progressu.

254 1452 304 1516 tt.
328 1453 488 1528 Praeterea,
502 1453 592 1515 iirmo
605 1461 790 1514 remanente
800 1455 906 1532 quoad
919 1452 1136 1518 Conteesatdos
1147 1476 1195 1520 or·

213 1545 352 1607 dinarios
363 1555 393 1606 et
405 1544 672 1605 extraordinarios
681 1539 948 1604 communitatum
959 1543 1044 1622 quod
1057 1562 1073 1605 a
1085 1545 1194 1609 Sacro-

213 1649 321 1698 sancto
336 1633 476 1697 Concilio
489 1629 673 1693 Tridentino
682 1632 896 1712 praescribitur
911 1632 941 1694 in
956 1632 1034 1696 Sese.
1050 1635 1102 1706 25,
1120 1633 1192 1715 Cep.

216 1722 264 1798 tu,
278 1725 312 1786 de
327 1723 447 1804 Requi,
457 1729 488 1784 et
502 1719 559 1784 sS.
577 1719 615 1780 bi.
627 1719 784 1783 Benedicti
797 1717 870 1782 xtv
883 1724 1033 1786 statuitur
1049 1729 1080 1785 in
1095 1723 1193 1787 orus·

214 1815 359 1875 titutione
374 1831 443 1894 qum
459 1810 568 1892 incipit
581 1809 748 1872 Posteroiir
763 1827 857 1884 cttr'te,
871 1811 1024 1874 Sanctitas
1041 1811 1106 1876 Sua
1119 1815 1193 1878 Prae·

215 1903 298 1966 soles
314 1901 560 1982 Superioresque
574 1901 723 1962 admonet
738 1917 778 1960 ne
793 1903 1080 1964 extraordinarium
1097 1903 1192 1966 dene·

215 2003 287 2069 gent
311 1991 446 2052 subditis
469 1988 703 2052 Cortiessarium
731 1989 866 2068 quoties,
893 1995 927 2051 ut
956 1993 1093 2072 proprie
1120 2011 1193 2056 cou-

216 2082 353 2143 scientire
366 2079 548 2153 consuiant,
565 2077 649 2140 adid
674 2077 791 2139 subditi
808 2077 987 2158 adigantur,
1002 2081 1080 2158 quin
1099 2083 1190 2144 iidem

215 2171 399 2250 Superiores
415 2170 480 2230 uiio
497 2167 590 2229 modo
606 2167 765 2246 petitionis
780 2169 932 2229 rationem
949 2169 1122 2250 inquirant,
1137 2180 1193 2232 aut

215 2276 297 2338 aegre
313 2259 340 2318 id
359 2256 438 2319 ferre
454 2256 681 2316 demonstrent.
707 2255 751 2316 Ac
766 2273 806 2318 ne
821 2255 955 2319 evanida
979 2268 1043 2320 tam
1061 2261 1192 2340 prouida

215 2347 378 2428 dispositio
388 2347 450 2418 tiat,
463 2345 642 2407 Ordinarios
654 2345 851 2420 exhortatur,
866 2353 899 2406 ut
912 2348 945 2408 itt
962 2348 1039 2410 iocis
1055 2349 1191 2429 proprius

216 2438 400 2512 Dioeeeseos,
417 2435 577 2517 inquibus
593 2433 759 2496 tiuiierum
781 2431 1029 2497 Cornmuuitates
1043 2437 1188 2509 existunt,

216 2527 345 2590 idoneos
359 2525 542 2590 Sacerdotes
557 2521 762 2584 iacuitatibus
777 2521 945 2586 instructos
955 2525 1134 2606 designent,
1151 2531 1189 2588 ad

216 2635 296 2698 quos
321 2634 376 2698 pro
396 2613 602 2677 Sacramento
624 2609 820 2674 Poeniteutiae
843 2629 1004 2675 recurrere
1026 2633 1071 2678 sea
1100 2615 1190 2677 iaeiie

216 2715 399 2868 quiantguod
416 2809 488 2854 vero
512 2790 623 2852 attinet
647 2788 687 2851 ad
708 2789 950 2869 permissionem
974 2790 1021 2852 vei
1045 2793 1189 2866 probibi-

216 2883 334 2944 tionem
346 2883 383 2944 ad
408 2899 529 2943 sacram
544 2877 693 2960 Synaxiru
709 2875 891 2951 accedendi,
909 2877 1020 2938 Eitiem
1035 2877 1189 2942 Sanctitas

215 2970 278 3034 Sua
293 2971 443 3046 decernit,
460 2967 644 3049 hujusmodi
662 2966 884 3050 permissiones
900 2967 945 3028 rei
963 2966 1190 3046 prohibitiones

217 3061 379 3122 dumtaxat
395 3056 434 3118 ad
448 3059 679 3119 tloutessarium
695 3055 890 3118 orriinarium
916 3055 963 3116 rei
978 3056 1188 3116 extr-sordine·

216 3147 299 3209 rium
314 3157 466 3228 spectare,
482 3147 558 3226 quin
576 3146 760 3227 Superiores
780 3145 877 3206 uliam
902 3143 1041 3205 babeant
1054 3145 1187 3206 auctori·

215 3247 311 3298 tatem
325 3237 384 3297 isac
399 3233 431 3296 in
447 3253 480 3296 re
496 3255 562 3298 sese
574 3233 748 3315 ingerendi,
764 3243 895 3316 excepto
910 3249 984 3294 ceso
1000 3247 1063 3310 quo
1076 3231 1188 3311 aliquis

215 3343 254 3390 ert
275 3342 385 3388 eorum
408 3323 546 3386 subditis
569 3337 638 3404 post
661 3324 804 3386 ultimam
826 3319 1090 3386 sacramentalem
1112 3319 1188 3382 Con·

216 3415 381 3476 sessionem
395 3413 619 3476 Conantunitatt
635 3413 784 3475 scandalo
800 3412 906 3485 i'uerit,
921 3420 975 3472 aut
996 3427 1124 3491 gravem
1137 3427 1187 3470 et·

217 3513 337 3566 ternam
365 3509 492 3583 rutpam
519 3502 697 3581 patraverit,
727 3502 830 3564 donec
855 3500 892 3562 ad
922 3499 1118 3562 Poenitentiae
1141 3515 1186 3560 sa·

217 3601 413 3654 crementum
428 3591 533 3652 denuo
545 3593 722 3651 accesserit.
