2528 3996
426 291 511 340 amsa
531 295 650 341 narnus.
970 281 1027 344 559

92 389 137 453 Da
151 389 325 471 huiusmodi
348 389 555 453 cardinalibus
573 392 797 457 Protectorlbus
817 394 850 455 tlt
868 396 982 457 mentio
997 396 1027 456 in

53 479 158 560 regule
172 483 202 542 S.
219 481 391 556 Franeisoi;
408 485 439 542 el
447 479 557 543 deinde
566 479 605 542 ad
614 481 688 544 alios
701 482 829 546 Ordines
841 491 964 548 extensa
975 484 1029 547 luit
1071 546 1073 552 ,

53 569 120 631 baec
134 569 292 632 institutio.

94 662 184 722 9956.
207 659 329 722 Diversa
342 677 398 742 pro
411 658 536 723 diversis
549 662 738 745 temporibus
747 661 801 725 luit
815 681 921 726 eorum
935 669 1032 745 potes-

55 755 100 810 tas
112 767 119 808 :
131 748 204 810 olim
219 748 325 828 major,
338 755 441 831 pastea
455 751 534 812 intra
548 753 690 814 arctiores
699 751 809 814 limites
818 751 875 815 luit
885 754 1030 818 restricta.

55 837 153 901 Hodie
164 840 249 918 juxta
268 838 392 900 Constit.
411 837 529 902 Claristi
545 840 679 924 fidelium
701 843 806 904 lnnon.
821 841 875 904 XII
888 839 1031 904 determi-

56 927 123 990 nari
137 927 223 990 solet.

98 1018 143 1078 Ex
162 1015 211 1079 itta
230 1016 449 1081 Constitutione
463 1037 525 1082 non
546 1019 658 1083 debent
671 1039 703 1084 sa
717 1021 856 1103 ingerere
870 1027 903 1083 ut
914 1021 1032 1100 jndices

57 1107 89 1168 in
105 1107 313 1188 negotiisque
327 1107 501 1170 universum
515 1109 659 1173 Ordinem
675 1129 737 1174 non
751 1117 959 1186 concernunt,
976 1129 1031 1172 nea

56 1202 164 1258 statuta
180 1189 320 1259 mutale:
343 1197 462 1259 nullum
477 1209 604 1280 possunt
625 1201 819 1282 Superiorem
840 1199 1031 1262 officialemre

57 1286 215 1347 instituere
233 1293 284 1348 aut
308 1284 489 1364 destituere,
514 1289 632 1351 nullum
655 1290 828 1370 religiosum
849 1288 972 1350 deloco
995 1288 1031 1350 el

58 1375 160 1437 locum
174 1374 351 1443 transferre.
368 1375 485 1438 nullum
501 1379 609 1458 punire
623 1385 674 1440 aut
688 1380 704 1440 b
720 1382 809 1460 poenta
822 1377 964 1440 eximere.

98 1469 189 1526 9951.
213 1467 279 1527 Non
296 1464 467 1545 adipsum,
484 1466 535 1527 sed
550 1466 589 1528 ad
604 1469 635 1530 S.
651 1470 759 1549 Cong..
775 1467 915 1549 Episcop.
932 1475 961 1528 et
974 1469 1030 1528 lle·

59 1554 157 1634 gular.
173 1573 271 1616 eausae
285 1561 314 1616 et
331 1573 472 1616 recursus
480 1555 582 1617 haberi
597 1557 719 1619 debent.

101 1646 229 1705 Possunt
242 1649 343 1706 tamen
365 1642 539 1724 hujusmodi
554 1645 726 1708 Cardinales
749 1646 893 1708 interesse
912 1646 1033 1709 electio·

59 1731 151 1794 nibus
166 1734 361 1795 Praelalarum
376 1732 507 1802 Ordinis,
519 1741 547 1795 et
562 1736 651 1796 etiam
665 1743 768 1798 votum
782 1736 814 1797 in
829 1735 872 1798 eis
885 1738 1032 1812 emittere,

59 1824 82 1884 si
99 1821 327 1884 constitutiones
345 1823 386 1884 ila
403 1821 574 1904 disponant.
592 1825 667 1886 Vide
684 1825 743 1887 alia
757 1825 788 1887 in
801 1825 881 1887 dion
894 1826 1033 1901 Constit,

59 1919 89 1974 et
109 1931 159 1993 ap.
180 1913 217 1972 It.
238 1911 330 1973 Boulx
353 1911 451 1990 (ibid,
471 1932 501 1994 p.
520 1915 683 1994 165-173);
706 1917 779 1978 ilem
797 1931 847 1997 ap.
870 1915 1033 1994 Analecta,

60 2006 90 2066 8⁰
101 2003 182 2078 lirn,
198 2000 256 2063 ool.
276 2003 453 2064 tart-1379.

101 2095 192 2154 9958.
209 2093 298 2153 Juxta
309 2093 340 2150 P.
356 2091 614 2170 Gautreletlibid„
631 2087 705 2156 tom.
721 2099 751 2172 2,
768 2115 799 2177 p.
814 2097 1035 2174 9911909011-

60 2181 197 2262 gregalia
212 2179 349 2261 ltegular.
366 2197 424 2241 nee
437 2181 546 2262 (longr.
563 2185 655 2246 Cone.
669 2184 780 2247 habent
794 2187 970 2267 potestatem
985 2186 1036 2247 dr)-

62 2270 238 2332 minatiram
253 2270 283 2330 in
307 2269 478 2349 religiosos:
504 2271 556 2332 sed
577 2276 695 2335 tantiam
716 2275 957 2353 Jurisdietionem
983 2296 1036 2357 pro

61 2359 183 2422 ensibus
196 2359 413 2434 determinatis;
430 2377 519 2440 ergo,
536 2362 553 2421 b
568 2360 700 2437 fortiori,
716 2362 796 2425 idem
811 2372 855 2426 est
872 2364 1037 2428 dicendum

61 2449 99 2512 de
123 2448 329 2538 cardinalibus
356 2448 578 2511 Protectoribus
605 2459 634 2512 et
662 2451 819 2514 iudicibus
841 2454 1035 2517 Conservato-

62 2540 159 2600 ribus.

102 2631 194 2690 2959.
217 2630 358 2711 Insuper,
376 2633 502 2692 Decreta
516 2633 555 2691 99
569 2647 639 2709 aug.
657 2633 752 2702 1811,
769 2637 823 2692 art.
841 2633 879 2708 3,
897 2634 928 2694 S.
947 2633 1038 2694 Sedes

67 2741 83 2778 a
103 2717 241 2779 statuit...
254 2727 285 2780 ut
300 2719 350 2780 illa
364 2720 501 2799 religiosa
514 2719 648 2780 lnstituta
663 2737 742 2800 quae,
758 2719 789 2780 in
802 2720 957 2784 Pontillaid
969 2723 1038 2804 qui·

63 2831 78 2870 a
103 2807 176 2870 dem
196 2807 312 2869 [titione
331 2809 377 2870 rel
388 2807 513 2870 omnino
526 2807 635 2870 desunt
648 2809 774 2870 velsunt
790 2809 1036 2890 infrequentiam,

64 2919 79 2956 a
105 2895 177 2957 alibi
191 2903 291 2958 tamen
306 2897 479 2958 hominibus
493 2915 528 2957 ea
550 2897 759 2978 profitentibus
782 2899 852 2960 satis
865 2899 1036 2978 abundant,

65 3009 80 3044 a
105 2985 236 3048 babeant
262 2986 388 3049 domum
410 2987 541 3066 aliquam
562 2988 623 3048 sive
643 2987 806 3068 hospitium
828 2989 858 3049 in
873 2989 971 3068 Urbe,
988 2993 1039 3053 ubi

66 3099 82 3136 b
107 3075 213 3136 saltem
241 3077 421 3138 Procurator
445 3074 595 3138 Generalis
623 3077 751 3138 resideat
781 3076 819 3139 ad
846 3079 891 3140 sui
920 3081 1038 3145 Ordinis

68 3187 83 3226 r
107 3167 226 3245 negotia
241 3165 321 3246 apud
338 3163 537 3247 alposlolieam
551 3165 661 3226 Sedem
680 3167 823 3247 gerenda.
839 3191 854 3227 a
874 3170 947 3231 Vide
963 3175 1038 3233 Ana·

68 3253 238 3334 lertatjuill.
255 3259 343 3334 1854,
358 3255 416 3318 col.
430 3255 511 3329 691),
527 3259 557 3315 et
570 3256 734 3335 praesertim
752 3261 804 3322 49·
819 3257 883 3320 lirr.
904 3263 994 3336 (sept.
1012 3269 1040 3323 et

68 3355 170 3416 octob.
198 3357 292 3428 lthO,
312 3355 370 3416 eol.
393 3358 470 3426 ill-i,
495 3355 587 3434 ete).
614 3358 656 3416 De
671 3347 840 3434 ¹prirllegiis
861 3357 1043 3434 regularium

68 3443 171 3597 (213de
177 3443 404 3614 pppinutionem
420 3443 486 3506 ride
502 3463 591 3520 supra
615 3447 821 3526 (19991998,
838 3449 932 3526 aaut,
945 3451 1040 3526 2008,
