2522 4028
503 251 588 298 unm
611 251 727 298 ramus.
1057 237 1115 301 tra

182 352 221 413 Et
234 351 336 415 reverti
355 373 371 412 u
385 353 474 414 Sacra
488 351 686 432 congregatio
701 349 825 414 Consilii
839 397 846 423 .
863 353 1063 416 consentanee
1077 353 1115 414 ad

144 461 157 498 o
184 442 384 503 conciliarem
411 439 488 502 hanc
511 440 725 519 Sanctionem,
741 441 895 503 consuevit
918 447 980 503 rata
1006 441 1116 504 hahere

142 553 157 588 o
182 532 401 612 Episcoporum
416 530 573 591 decreta...
589 527 699 610 quibus
711 530 811 592 talaris
823 531 913 592 vestis
923 529 1046 612 gestatio
1055 528 1116 592 lue·

141 641 157 678 a
182 625 228 681 rat
241 618 357 682 clericis
370 619 514 698 injuncta.
530 641 546 678 a
562 621 605 681 lta
622 618 654 679 in
668 621 757 681 causa
774 618 952 681 Bisacc'ensi
959 667 966 688 ,
985 621 1000 680 l
1017 618 1114 680 martii

141 712 238 784 3733,
258 709 338 790 apud
353 708 466 784 Bouix,
482 709 526 770 De
540 707 702 790 Episcopo,
720 715 793 770 torn.
810 712 846 782 E,
864 728 895 790 p.
910 711 980 770 334.

183 800 271 860 3107.
293 801 361 860 Non
376 796 487 860 debent
498 803 601 858 tarum
614 797 754 878 Episcopi
776 797 906 859 formam
926 797 1015 860 vestis
1028 797 1115 860 cleri-

139 887 213 949 calis
227 886 385 950 decentem
402 935 409 964 ‚
425 885 643 949 consuetudine
666 886 845 968 generaliter
863 893 1030 968 receptam.
1049 887 1115 949 sine

139 978 219 1056 justa
233 979 323 1040 causa
338 977 516 1052 immutare;
531 975 613 1038 unde
635 977 672 1036 D.
691 976 784 1037 Bouix
799 975 902 1055 (ibid,
918 996 948 1058 p.
966 978 1035 1057 333)
1055 995 1115 1038 non

141 1066 321 1146 approbaret
328 1065 557 1148 prohibitionem
569 1065 823 1128 illiusornamenti
838 1065 919 1146 apud
933 1083 988 1128 nos
997 1068 1014 1127 d
1024 1066 1114 1147 longo

141 1161 277 1236 tempore
294 1155 410 1230 usitati,
427 1155 507 1236 quod
523 1160 644 1216 vocatur
666 1154 771 1230 rotat,
788 1173 845 1216 nec
863 1154 1069 1217 innovationes
1083 1155 1114 1217 in

141 1243 239 1306 torma
252 1245 344 1327 pelosi
358 1244 455 1327 qualis
469 1245 500 1305 in
512 1244 606 1306 Gallia
619 1243 787 1306 adhibetur.

180 1339 269 1398 atos.
293 1335 352 1398 Sed
367 1353 428 1397 non
443 1340 489 1398 est
508 1333 724 1416 improbandus
737 1333 905 1416 Episcopus
918 1334 986 1417 qui,
1001 1353 1036 1398 ea
1046 1353 1113 1416 qua

142 1424 307 1488 l‘raelatitiae
320 1425 462 1506 Dignitati
476 1425 675 1506 propriasunt
684 1423 833 1501 (caudam,
844 1443 872 1486 v.
885 1445 927 1506 g..
939 1425 969 1485 in
983 1431 1064 1486 veste
1074 1433 1113 1487 ta-

140 1513 216 1592 lari),
229 1515 345 1578 clericis
355 1533 416 1576 non
428 1513 562 1576 Praelatis
572 1519 684 1575 vetaret
698 1513 774 1592 (it).
787 1517 830 1575 Dc
842 1533 903 1594 quo
912 1514 1056 1596 legendus
1070 1523 1114 1577 est

139 1623 238 1666 canon
253 1609 271 1666 E
284 1605 408 1667 Coricilii
425 1603 561 1665 Toletani
573 1603 645 1664 anni
661 1607 738 1664 1324
748 1650 755 1678 ‚
767 1602 818 1664 ubi
838 1603 964 1664 dicitur:
979 1625 993 1660 r
1008 1604 1113 1665 Nullus

129 1716 154 1752 p
180 1691 615 1775 cle1·icussupertunicale‚vel
630 1691 930 1754 tabardum¹delerat
940 1693 978 1753 ita
988 1691 1111 1772 longum

138 1805 153 1842 n
179 1783 299 1866 quodsi
315 1783 353 1846 ad
363 1783 453 1866 pedes
463 1781 633 1862 contingat,
646 1781 924 1844 nullatenustamen
935 1799 989 1862 per
1002 1785 1112 1844 terram

138 1897 153 1933 p
180 1872 327 1950 trahatur;
344 1875 415 1935 cum
429 1872 494 1933 haec
507 1887 568 1932 non
583 1871 741 1946 honestas,
752 1870 805 1933 sed
819 1871 1008 1952 superfluitas
1021 1877 1051 1932 et
1064 1871 1112 1932 in-

137 1987 152 2022 o
178 1963 317 2026 decentia
329 1969 495 2025 censeatur.
512 1983 528 2020 u
547 1959 673 2041 (Bened.
689 1962 766 2033 XIV,
782 1959 973 2042 vespolato,
990 1960 1041 2022 lib.
1062 1965 1110 2036 tt,

138 2073 166 2116 c.
182 2058 218 2129 8,
235 2063 269 2115 n⁰
283 2057 326 2134 Ξ.)

177 2147 266 2206 aloa.
280 2143 401 2216 Ouarit.
413 2144 600 2214 l⁰Ouasnam
609 2159 713 2222 poenas
722 2141 879 2204 incurrant
889 2139 988 2203 clerici
998 2145 1110 2205 vestam

137 2233 262 2296 talarem
275 2233 360 2313 juxta
375 2231 504 2295 turmam
517 2230 556 2292 ab
569 2231 718 2313 Episcopo
732 2230 937 2313 prescriptam
951 2248 1012 2292 non
1027 2230 1081 2293 del
1097 2265 1110 2278 ·

137 2321 263 2384 rentes?

176 2413 267 2494 Resp.
292 2411 476 2494 Episcopum
493 2428 582 2492 posse
600 2414 740 2486 clericos,
755 2427 809 2491 per
823 2409 1028 2490 suspensionis
1045 2429 1109 2492 poe-

138 2519 208 2563 nam
221 2549 229 2578 ,
243 2499 307 2563 imd
326 2519 380 2582 per
400 2498 568 2562 officiorum
582 2505 612 2560 et
625 2497 842 2560 beneficiorum
853 2497 1068 2578 privationem.
1085 2500 1109 2562 si

136 2589 230 2653 semel
249 2589 377 2672 correpti
401 2607 463 2652 non
481 2589 766 2670 obtemperaverint,
791 2587 910 2667 adigere
929 2585 967 2648 ad
993 2605 1110 2650 servan-

135 2679 190 2742 das
203 2697 273 2742 suas
286 2678 366 2741 circa
379 2677 548 2741 clericalem
560 2678 696 2740 habitum
710 2676 923 2738 ordinationes.
935 2676 1011 2738 Illud
1025 2697 1109 2740 cons·

135 2775 179 2832 tat
204 2787 242 2831 cx
268 2767 402 2830 Concilio
415 2767 590 2829 Tridentino
612 2773 698 2846 (sess.
723 2771 778 2842 lt,
793 2784 821 2828 c.
842 2767 896 2847 6),
916 2766 1105 2830 ubidicitur:

140 2879 156 2917 a
175 2857 288 2920 Omnes
302 2855 509 2919 ecclesiasticae
523 2875 676 2938 personae,
693 2861 972 2938 quantumcumque
985 2875 1108 2941 exemp·

142 2959 155 3016 >
175 2953 232 3023 ta,
247 2964 316 3028 quaa
330 2948 425 3008 autin
439 2945 531 3008 sacris
549 2945 698 3021 luerint..‚
714 2949 802 3007 aut...
819 2945 915 3008 officia
929 2953 981 3008 aut
997 2947 1108 3010 beneti-

135 3059 150 3094 s
176 3037 258 3098 cia...
271 3035 467 3109 obtinuerint,
484 3037 524 3112 si,
540 3041 699 3117 postquam
710 3035 747 3096 ab
765 3035 914 3117 Episcopo
928 3053 1002 3111 suo,
1018 3039 1106 3101 etiam

136 3147 150 3187 n
176 3143 229 3206 per
242 3125 374 3187 edictum
389 3123 544 3206 publicum
557 3171 565 3202 ‚
580 3125 687 3187 moniti
709 3123 835 3202 luerint,
850 3124 1010 3189 honestum
1025 3128 1107 3191 habi-

133 3237 150 3274 »
174 3221 238 3277 tum
249 3213 569 3292 clericalenr‚illorum
579 3214 676 3276 ordini
686 3213 861 3295 etdignitati
871 3223 1104 3298 congruentem,

135 3325 149 3363 ι
174 3311 204 3366 et
213 3304 298 3384 juxta
311 3303 406 3385 ipsius
419 3304 560 3387 Episcopi
571 3301 792 3368 ordinationem
810 3311 841 3366 et
853 3306 1028 3370 mandatum
1044 3327 1105 3371 non

134 3469 146 3498 a
164 3448 252 3510 Quarrd
265 3463 328 3499 nous
341 3448 426 3500 disons
435 3448 458 3500 la
469 3456 582 3511 suumne,
595 3464 659 3501 nous
671 3451 808 3502 entendons
820 3453 899 3518 parler
912 3453 1035 3504 dal'haliit
1048 3456 1106 3522 long

135 3539 146 3568 ι
163 3535 246 3573 connu
259 3535 318 3572 scus
331 3536 359 3572 ce
373 3536 446 3582 nom,
461 3521 502 3587 qui
517 3537 544 3572 sc
560 3521 679 3588 prolonga
695 3523 826 3589 jusqu'aux
839 3524 936 3586 talons,
950 3531 974 3574 el
990 3541 1016 3575 se
1028 3527 1105 3579 ferma

136 3611 145 3638 ι
163 3606 207 3657 par
216 3590 306 3643 derant
317 3607 376 3642 avec
389 3592 511 3657 despetits
521 3592 638 3644 boatum.
652 3611 662 3640 ι
677 3594 870 3658 (ordorpenses,
882 3610 906 3658 p.
917 3595 953 3659 5.)

164 3669 170 3692 ⁴
193 3661 295 3722 Euclea,
308 3663 376 3728 tuate
389 3662 426 3712 tlu
438 3663 528 3727 Gange.
