2522 4028
467 281 553 328 crues
573 283 691 330 neruus.
1007 268 1066 332 209

92 385 184 450 nibus
197 385 374 466 insignitos:
389 383 505 466 priores
521 381 604 445 enim
617 384 706 448 veluti
721 385 869 467 perpelub
888 385 1067 467 irregulares

90 474 224 539 habendi
240 479 320 536 sunt.
336 475 378 536 Ita
392 473 603 545 communiter,
618 489 656 535 ex
669 477 731 536 tota
744 472 939 538 distinctas.
957 475 1068 538 Dicunt

90 571 195 626 tumen
220 562 362 624 cabassut
387 567 418 622 et
442 561 606 643 Tourncly,
627 561 713 640 juxta
739 563 771 626 S.
797 563 932 644 Lignor,
957 561 1009 625 lib.
1034 569 1066 641 'l,

92 656 129 715 n⁰
142 655 214 727 399,
232 649 339 733 equbd
352 649 377 712 si
391 649 459 731 quis
471 656 540 712 aitte
554 650 741 730 pubertatem
750 650 809 714 boc
822 650 929 713 morbo
943 649 1068 720 allectus

91 765 108 802 n
134 741 242 818 luerit,
253 747 283 804 et
295 746 398 822 postea
411 737 541 820 perleotb
554 737 707 816 liberetur,
720 757 782 802 non
797 745 937 802 censetur
949 740 1067 820 irregu-

92 855 110 890 ι
135 829 206 892 laris
219 848 227 890 τ
242 829 314 911 quia
327 833 372 904 (ut
384 827 427 890 ait
440 828 645 908 Hippocrates)
664 827 806 910 epilepsia
820 829 900 909 saepb
915 827 946 890 in
960 827 1070 911 puber-

92 927 193 982 atate
222 917 352 1000 perlecto
374 923 506 980 curatur.
528 917 621 978 Secus
648 917 672 978 si
700 917 825 978 morbus
853 916 968 980 accidat
1001 925 1069 998 post

94 1007 324 1090 »pubertatem
349 1009 380 1068 et
406 1007 571 1088 praesertim
599 1009 666 1086 post
700 1009 739 1067 bb
772 1023 898 1068 annunt.
933 1007 1068 1069 Asseruil

95 1121 112 1159 ι
138 1104 239 1159 tamen
261 1095 387 1158 Groix...
407 1095 524 1176 praxim
549 1093 580 1155 iu
599 1095 661 1156 suis
684 1094 818 1176 partibus
842 1093 964 1172 babere,
986 1095 1069 1176 qubd

95 1210 112 1247 s
137 1187 188 1268 qui
203 1203 257 1266 per
269 1183 428 1246 biennium
443 1181 527 1244 liberi
541 1181 651 1244 luerint
664 1183 702 1244 ab
717 1182 773 1245 blo
788 1183 971 1254 inlirmitate,
986 1201 1069 1246 acco·

95 1299 111 1336 a
136 1274 226 1336 clrotc
243 1271 445 1335 declaratione
465 1271 626 1353 Episcopi,
643 1271 841 1348 ordinantur;
859 1272 921 1333 imo
935 1272 1001 1334 sinb
1014 1273 1067 1334 dc-

93 1388 110 1424 υ
134 1359 428 1442 ctarutioue,siquis
437 1377 490 1442 per
500 1367 615 1440 septem
624 1361 873 1423 annosliberalus
887 1361 1064 1442 probetur.»

138 1450 279 1516 ratast
306 1447 345 1512 de
368 1449 432 1528 jam
458 1447 603 1510 ordinatis
636 1450 763 1529 questio
789 1447 975 1524 instituatur,
998 1469 1066 1532 cap.

98 1539 316 1616 Communiter,
339 1537 406 1601 dist.
424 1539 482 1608 33.
498 1535 569 1600 dicit
591 1536 739 1619 quidem:
759 1538 840 1618 oqui
855 1538 1025 1619 (epileptici)
1039 1542 1070 1600 ct
1164 1551 1169 1561 ·

96 1655 112 1690 n
138 1629 194 1712 ipsi
221 1627 358 1705 (obsessi)
381 1624 497 1688 mordiir
510 1633 600 1688 erunt
617 1626 656 1688 ab
669 1625 758 1688 oillcii
773 1626 818 1688 sui
837 1625 943 1688 ordine
960 1633 989 1688 et
1003 1627 1069 1689 loco

97 1742 112 1778 n
138 1717 293 1800 suspensi,
307 1733 466 1797 quousque
480 1716 568 1776 unius
587 1714 661 1775 anni
674 1713 771 1796 spatio
787 1732 841 1795 per
853 1713 1068 1778 discretionem

98 1830 114 1866 n
139 1806 277 1888 Episcopi
293 1804 482 1866 inveniantur
490 1803 529 1865 ab
544 1804 667 1866 incursu
679 1803 827 1866 daemonis
839 1803 952 1864 liberati
963 1823 998 1880 3»
1016 1803 1068 1866 sed

98 1895 173 1958 illud
197 1895 326 1976 spatium
340 1912 426 1954 anans
439 1892 511 1952 cenni
525 1893 635 1955 Suaruz
655 1891 728 1954 dicit
746 1909 808 1954 non
828 1909 893 1954 esse
907 1891 938 1953 iu
958 1910 1025 1970 usu,
1039 1900 1070 1956 et

100 2001 260 2046 concesse
274 1983 409 2044 relictum
427 1979 609 2060 prudentum
620 1980 746 2060 judicio.
759 1979 847 2044 Unde
861 1981 885 2042 si
900 1981 978 2058 rard,
991 2001 1019 2044 v.
1036 2003 1065 2064 g.

98 2074 191 2134 senret
208 2071 241 2133 in
256 2087 369 2142 ruensc,
389 2066 500 2150 aliquis
512 2067 615 2145 cadat,
630 2087 687 2130 neo
704 2075 841 2150 spumet,
857 2069 965 2150 poterit
976 2070 1069 2150 priva-

99 2159 154 2220 tim
168 2166 330 2236 celebrare,
347 2157 489 2235 adjuncto
503 2156 656 2219 sacerdote
666 2158 784 2236 jejuno,
799 2158 852 2238 qui
867 2157 988 2218 missam
1003 2178 1069 2240 pos

99 2247 155 2320 sit,
179 2245 354 2308 adveniente
376 2243 491 2318 morbo,
514 2243 670 2326 perficere.
694 2247 738 2306 Ita
760 2245 791 2308 S.
811 2245 947 2326 Lignum,
968 2245 1020 2310 lib.
1036 2253 1066 2325 7,

101 2344 134 2394 n⁰
149 2337 219 2396 399.

141 2426 230 2486 tata.
253 2424 341 2484 Notat
354 2421 433 2484 idem
447 2424 575 2485 Sanctus
589 2419 670 2502 mrdd
682 2421 705 2484 si
719 2421 833 2504 quisse
847 2421 1067 2487 demoniacum

99 2510 271 2583 simulet,is
282 2509 309 2570 ln
326 2509 897 2592 irregularisadordinessnsoipicndos,
908 2514 1065 2575 exconcil.

100 2603 204 2666 Const.
215 2603 252 2662 Vl
267 2607 345 2674 (can.
361 2599 417 2662 (tl.
433 2599 608 2662 Secundum
624 2597 856 2680 probabiliorem
872 2602 1067 2680 sententiam,

99 2689 348 2754 communissima
360 2697 458 2751 renent
472 2687 529 2751 [ill.
541 2687 623 2770 quod
630 2687 797 2769 Episcopus
807 2687 1067 2751 necetiamadmi-

101 2796 191 2841 nores
205 2776 324 2841 ordines
339 2781 432 2840 valent
442 2777 663 2840 daemoniacum
673 2793 860 2856 promovere.
872 2776 914 2854 (S.
924 2776 1001 2858 big,
1010 2778 1068 2860 it.)

142 2871 230 2929 ⁴850.
245 2901 285 2912 -
294 2871 327 2929 3ο
341 2867 508 2929 llliterctl:
522 2883 584 2928 non
601 2863 786 2927 concordent
800 2864 862 2926 Di).
882 2863 956 2946 quid
969 2863 1019 2928 hic
1032 2869 1069 2930 sit

100 2953 328 3037 intelligendum
337 2953 639 3034 peruliteratos.llide
647 2952 751 3031 Collet,
762 2951 841 3035 apud
850 2951 936 3016 Cure.
946 2957 1067 3038 compl,

100 3043 158 3107 col.
182 3048 251 3107 229.
277 3045 363 3106 'latres
380 3055 480 3106 taruen
501 3040 660 3125 reputandi
679 3045 764 3114 sunl,
782 3042 866 3121 juxta
880 3043 912 3106 S.
932 3043 1067 3126 Lignea,

100 3131 152 3194 lib.
168 3136 200 3206 6,
215 3143 249 3194 u·
261 3135 332 3209 ⁸190,
343 3133 394 3210 qui
410 3132 545 3212 liugnam
559 3130 681 3193 latinam
691 3129 795 3192 saltem
811 3149 871 3194 uon
886 3131 1066 3214 intelligunt.

141 3225 230 3284 last.
242 3221 581 3284 llontrorertiturutrum
590 3219 734 3282 illiterati
745 3219 805 3282 sint
818 3221 944 3283 omuino
958 3222 1069 3304 irregu-

100 3307 192 3378 lares,
204 3318 263 3371 trm
278 3307 378 3390 quoad
389 3310 596 3372 ascensionem
606 3307 644 3372 ad
652 3308 775 3371 ordines
788 3312 880 3390 quam
890 3310 989 3390 quoad
1003 3329 1069 3375 sus·

98 3407 253 3479 ceptorum
264 3397 459 3465 exercitium:
475 3399 594 3461 Garcias
603 3405 632 3460 et
641 3397 765 3478 quidam
779 3397 941 3460 aliidicunt
954 3397 1069 3462 illitera-

99 3493 144 3550 tos
152 3503 212 3548 non
225 3504 312 3568 posse
322 3486 444 3566 «pardem
453 3485 606 3569 sinbgravi
616 3486 705 3568 culpa
712 3484 833 3548 ordines
842 3487 1005 3568 suscipere,
1016 3487 1069 3554 sed

99 3593 185 3658 posse
200 3575 232 3637 in
244 3573 402 3638 ordinibus
413 3575 560 3656 susceptis
568 3573 647 3636 licite
661 3574 848 3650 ministrare;
864 3573 917 3635 sed
930 3589 1069 3636 commu-

100 3663 186 3738 niter,
197 3667 230 3726 ut
239 3659 426 3756 probabilius
438 3659 552 3726 bnbant
563 3660 642 3738 bb,
650 3657 828 3742 irregulares
835 3675 960 3798 procop:
961 3673 1031 3785 pue
1040 3663 1071 3716 sl
