2528 3996
441 289 523 336 tmen
548 293 662 340 rntnus.
981 292 1033 352 591

67 379 260 464 dispensandi
289 403 380 467 super
405 389 480 466 volis
506 391 691 474 simplicibus
719 407 871 482 perpetum
898 405 1039 470 castitalis

69 471 221 534 servandas
234 481 285 534 aut
299 475 487 557 Religionem
510 479 719 563 ingrediendi,
741 494 772 550 et
789 490 853 552 aliis
871 497 1036 558 reservatis,

68 559 132 622 Hoc
153 567 198 623 est
221 569 305 625 extra
328 583 451 627 omnem
478 574 711 634 controversiam
732 578 813 656 apud
831 596 948 644 omnes.
965 583 1039 647 Vide

67 648 147 730 apud
164 651 271 726 Bouix,
288 651 333 714 De
347 653 490 735 Hegetor.
507 657 571 737 (ib,
588 679 618 740 p.
635 665 792 737 lBll-lllbl.

109 741 197 802 3069.
223 741 344 812 Quaerit.
359 745 391 804 2⁰
407 747 453 806 'rln
468 763 521 826 per
535 747 627 810 alium
641 754 733 832 quem
747 773 801 834 per
815 757 845 819 S.
862 759 1038 824 Pontificem

73 829 184 914 possint
203 829 275 892 solvi
298 837 364 893 vota
385 832 531 914 simplicia
553 842 749 918 paupertatis,
764 846 905 908 eastitatis
924 856 953 910 et
972 851 1038 914 obe

69 917 188 980 dientiae
209 937 278 1000 quae
301 920 332 980 in
357 922 458 983 multis
480 928 763 1006 congregationibus
786 934 986 999 emittuntur?
1000 975 1034 986 -

69 1008 254 1087 supponitur
266 1009 348 1090 qubl
361 1010 393 1071 in
408 1011 442 1072 iis
455 1017 754 1096 congregationibus,
770 1022 822 1082 etsi
838 1031 905 1086 vota
920 1026 950 1086 in
966 1046 1037 1108 per·

68 1103 194 1178 petuum
214 1115 275 1159 non
298 1099 480 1172 emittantur,
504 1103 676 1182 profitentes
694 1113 795 1170 tannen
814 1110 915 1193 aliquo
934 1115 1038 1193 modo,

66 1186 237 1264 juramento
251 1205 360 1270 nempe
374 1188 420 1250 vel
434 1190 538 1252 saltem
556 1195 754 1272 promissione
767 1202 988 1279 perseverandi,
1003 1204 1040 1266 iis

67 1274 292 1340 devinciantur:
307 1277 331 1338 si
346 1296 414 1359 quae
428 1280 510 1340 enim
524 1290 618 1344 exstet
631 1287 824 1366 congregatio
838 1309 929 1370 quam
945 1293 1038 1374 ipsius

69 1366 204 1426 membra
231 1383 287 1447 pro
314 1365 397 1429 libito
423 1367 561 1431 deserere
583 1372 699 1446 valent,
726 1376 826 1456 quoad
851 1379 932 1440 illam
958 1381 1038 1444 nulla

69 1462 162 1534 potest
178 1473 242 1516 csse
255 1454 521 1519 difficultas-His
534 1461 696 1539 praemissis
712 1481 720 1523 ε

110 1545 196 1623 llesp.
214 1545 329 1619 Quoties
344 1545 503 1607 intervenit
515 1549 669 1628 promissio
686 1553 911 1632 perseverantie
927 1555 946 1616 ἁ
962 1557 1033 1620 Con-

68 1635 237 1712 gregetione
250 1643 365 1715 accepta
378 1681 386 1709 ,
401 1634 461 1695 at'si
476 1637 669 1718 Congrcgctio
687 1642 750 1721 ipsa
768 1645 942 1722 consentiat,
958 1666 1037 1706 neme

65 1731 177 1802 preter
196 1721 232 1783 S.
249 1721 442 1806 Pontificem,
462 1727 667 1807 potestatium
689 1729 930 1812 Congregutionis
948 1753 1038 1795 ment·

69 1810 152 1870 tram
174 1811 298 1872 liberum
325 1813 421 1894 [terere
443 1813 480 1872 cb
502 1814 676 1896 obligatione
705 1819 736 1878 in
757 1818 789 1880 et
814 1821 1038 1901 perseverandi:

69 1903 143 1961 ratio
157 1903 281 1980 estquis
297 1919 387 1964 nenio
401 1910 509 1984 prater
522 1906 552 1966 S.
570 1906 745 1970 Pontificem
759 1907 849 1971 habet
864 1918 1037 1991 potestatem

68 1987 260 2069 dispensandi
275 1989 306 2051 in
320 1991 528 2072 praejudicium
544 1995 830 2076 congregationum.
849 1998 904 2060 nisi
920 1999 992 2081 ipsa
1002 2002 1039 2063 de

67 2085 133 2157 Jove
148 2097 204 2140 suo
221 2078 327 2141 cedant
344 2099 351 2140 :
371 2080 409 2142 ad
432 2081 669 2164 dispensandum
689 2085 771 2148 enim
785 2085 941 2150 inferiores
958 2089 1038 2151 indi-

68 2173 140 2246 gent
159 2167 238 2246 justa
251 2172 359 2244 causa,
376 2168 426 2230 sed
445 2178 591 2252 repugnat
609 2173 713 2237 adesse
724 2176 835 2254 justam
846 2194 968 2238 cansam
982 2177 1040 2240 dis·

71 2256 214 2337 pensandi
230 2275 299 2319 curn
313 2256 484 2338 praeiudicio
498 2261 573 2322 tertii
589 2280 650 2323 non
665 2265 889 2328 consentientis.
909 2266 992 2330 Unde
1008 2267 1038 2329 in

69 2347 124 2406 suit
146 2345 270 2407 Constit.
288 2347 458 2408 Convocatis
479 2349 550 2410 anni
567 2354 659 2425 1750,
679 2353 790 2415 Bened.
813 2357 879 2416 XlV
893 2356 1037 2418 confessa-

69 2434 130 2495 rios
144 2433 286 2496 admonet
299 2441 332 2496 ut
353 2457 369 2493 a
386 2435 487 2516 quoad
500 2445 584 2514 vota,
603 2440 741 2501 noverint
754 2441 809 2504 sibi
828 2443 1039 2506 abstinendum

69 2547 84 2582 u
109 2541 174 2585 esse
189 2525 344 2586 alveorum
359 2531 496 2586 votorum
510 2530 757 2599 commutatione.
773 2530 805 2591 in
819 2531 929 2610 quibus
941 2535 1038 2612 agitur

69 2635 84 2670 n
109 2611 148 2674 dc
162 2611 334 2694 pravJudicio
344 2613 435 2690 tertii;
447 2631 540 2695 quare
555 2616 586 2676 in
600 2634 636 2677 co
646 2617 727 2696 quod
739 2619 908 2700 pertinetad
921 2628 1038 2698 aotam,

70 2721 84 2759 n
109 2703 247 2783 quamtis
273 2702 438 2783 simplicia,
466 2721 519 2765 seu
543 2707 768 2790 perseverantiae
795 2723 848 2769 seu
871 2708 928 2770 alia
947 2709 1040 2771 emitti

69 2811 86 2850 n
111 2791 198 2853 solita
214 2793 244 2852 in
258 2791 547 2872 Congregatione...‚
564 2812 667 2856 nonse
682 2794 828 2876 ingerant.
844 2816 859 2854 a
876 2795 908 2877 (§
921 2797 987 2876 32.)

111 2880 248 2943 Diximus
266 2901 347 2942 nono
362 2901 373 2941 .·
387 2888 416 2941 et
437 2879 495 2943 hoe
515 2881 639 2963 intelligi
659 2883 749 2945 debet
764 2883 802 2946 de
822 2901 932 2966 magno
951 2887 1040 2950 etiam

72 2969 310 3046 Pmnitentiario,
326 2977 355 3031 et
375 2971 392 3030 a
413 2969 525 3032 fortiori
547 2970 586 3032 de
611 2969 799 3035 confessariis
821 2975 872 3055 qui
889 2975 1040 3059 privilegia

69 3057 183 3121 habent
198 3059 227 3119 in
242 3057 317 3121 volis
330 3060 360 3120 S.
377 3058 514 3124 Pontifici
528 3061 681 3123 reservatis
695 3059 897 3144 dispensandi.

112 3149 202 3210 3070.
225 3146 257 3208 ld
271 3155 372 3209 tamen
395 3154 491 3229 potest
504 3149 535 3210 S.
555 3149 710 3228 Pontifex,
725 3153 797 3232 quia
809 3159 856 3214 est
876 3155 1041 3236 Supremus

75 3236 305 3298 administrator
338 3253 440 3298 rerum
471 3236 760 3317 ecclesiasticarum,
786 3241 911 3322 proinde
935 3261 1040 3304 eorum

71 3325 295 3406 omniumque
318 3323 357 3387 ad
375 3327 625 3406 congregationes
639 3329 852 3390 ecclesiasticas
870 3331 1038 3410 pertinenl;

72 3433 136 3477 non
152 3420 360 3495 potestantem
376 3415 557 3496 Episcopus,
572 3415 643 3495 quia
661 3434 721 3478 non
738 3417 815 3480 valet
832 3416 991 3499 disponere
1003 3421 1041 3482 de
1110 3505 1111 3508 Ἴ

71 3503 164 3565 bonis
173 3503 380 3564 ecclesiasticis
393 3503 459 3564 sine
470 3502 587 3567 indulto
598 3505 806 3568 Pontificio·-
817 3505 1041 3571 Observandum

74 3599 120 3654 est
134 3581 228 3669 ‘quot
251 3591 283 3653 S.
309 3589 401 3655 Sedes
423 3609 485 3654 non
512 3594 604 3656 soleat
630 3595 795 3675 approbare
816 3597 1042 3660 constitutiones

73 3679 255 3744 monialium
263 3697 331 3762 quae
338 3680 690 3762 babentSuperiortssam
703 3685 889 3766 generalem,
900 3688 957 3750 nisi
971 3705 1041 3751 cum
