2528 3996
438 291 524 338 umen
544 290 662 340 ramus.
978 277 1036 342 551

64 417 79 454 n
105 390 256 474 Dignitata
269 386 469 450 ecclesiastiea
481 385 611 466 prediti,
627 387 673 450 vel
687 390 884 454 Personatum
898 389 1036 452 obtinen-

67 506 80 541 s
105 474 666 556 tes‚velErelesiarumGatlredralium
675 477 817 542 Canoniei
832 477 1038 554 errsranased

68 594 83 630 a
106 571 197 633 etiam
223 567 256 628 in
279 563 418 628 eoncitiis
432 563 666 627 Provincialibus
683 573 734 628 aut
751 566 940 640 dioecesanis,
954 567 1038 646 juxta

68 683 84 719 ι)
108 663 265 721 Decretum
280 653 443 717 Consilii...
455 651 652 737 (Tridentini),
663 655 785 720 ludices
797 655 882 719 electi
896 673 950 718 seu
963 653 1039 717 desi-

68 771 84 807 »
108 747 190 828 gnati
205 744 275 807 sint.
291 765 307 803 a

110 839 198 900 9918.
220 835 265 894 Ex
278 849 339 914 quo
349 830 410 894 duo
423 831 617 912 requiruntur
630 831 661 894 in
671 833 952 906 conservatoribus:
967 841 997 898 l⁰
1008 843 1039 899 ut

69 925 201 987 habeant
213 921 296 984 dotes
310 920 466 1002 requisitas
486 919 517 981 in
531 919 674 1002 delegatis
692 923 708 982 d
732 922 764 984 S.
781 922 874 1000 Sede;
890 927 923 985 9ο
935 932 969 987 ut
981 927 1041 988 sint

70 1013 193 1077 ludices
206 1009 371 1092 Synodales
383 1009 429 1072 vel
443 1009 655 1071 Provinciales.

117 1125 133 1161 n
153 1102 183 1164 Si
204 1101 235 1162 in
257 1098 377 1160 dioeeesi
393 1097 465 1160 nulli
480 1097 666 1178 reperiantur
684 1099 805 1162 ludices
820 1101 1038 1183 Synodales...,

70 1215 86 1250 n
111 1189 299 1272 regulares...
314 1191 455 1268 poterunt
467 1203 559 1268 quem
577 1187 736 1249 maluerint
752 1189 782 1250 in
796 1189 1040 1254 Conservatnrem

71 1305 87 1340 u
112 1295 329 1354 assumere....,
348 1275 490 1338 mods...
515 1275 707 1356 qualitatibus
721 1285 841 1358 praestet
860 1298 935 1360 quas
950 1281 1040 1343 Boni-

61 1394 87 1428 .»
113 1369 317 1432 laciusVlll...
328 1365 498 1447 exposcit...
513 1368 548 1426 dt
559 1364 583 1426 si
599 1373 700 1447 postea
712 1365 1038 1446 Synodusoelebretur,

73 1481 88 1518 e
114 1459 145 1521 in
158 1461 218 1538 qud
227 1455 392 1539 Synodales
404 1456 420 1518 J
424 1453 525 1516 udices
534 1454 763 1530 constituantur,
779 1455 877 1516 statim
891 1469 984 1520 cessat
991 1459 1040 1538 ju-

74 1571 89 1604 »
113 1546 245 1608 risdietio
254 1543 465 1626 praedietorum
479 1545 745 1622 Conservatorum,
761 1544 931 1625 iterumque
944 1549 1040 1609 bGre-

75 1661 90 1694 »
116 1635 238 1718 goriana
251 1635 408 1698 constitut.
427 1631 589 1716 adiguntur
610 1633 762 1712 regulares
781 1631 818 1695 ad
842 1633 974 1715 aliquem
987 1637 1042 1698 eli-

74 1749 90 1784 e
116 1724 248 1807 gendum
269 1741 306 1785 ex
326 1721 488 1803 designatis
506 1723 536 1784 in
555 1721 686 1802 Synodo.
708 1743 725 1782 r
750 1721 874 1803 (bened.
890 1724 974 1803 xlv,
1001 1725 1042 1787 De

74 1812 200 1895 Synod„
217 1811 269 1874 lib.
287 1816 326 1888 d,
342 1828 407 1892 cap.
424 1815 460 1885 6,
477 1819 510 1872 n⁰
524 1814 567 1888 3.)

115 1907 203 1965 9919.
220 1903 345 1982 iusuper
358 1918 395 1962 ex
408 1897 486 1962 dicta
497 1900 620 1964 Constit.
633 1899 859 1963 Sanctissimae:
872 1901 913 1982 «ξ
923 1906 952 1965 8.
969 1903 1044 1964 Gon·

75 1997 278 2054 »servatores
301 1989 393 2051 semel
420 1988 553 2069 legitima
579 1987 736 2070 deputati,
761 1991 816 2052 nisi
845 2009 882 2053 ex
911 1990 1044 2072 legitimi

76 2105 91 2142 s
117 2085 222 2157 cansa,
242 2081 260 2142 a
273 2077 349 2141 Sede
364 2078 533 2159 Aposrotiea
552 2085 602 2140 aut
612 2077 747 2141 locorum
762 2079 924 2142 Ordinariis
937 2097 1044 2161 appro

76 2195 91 2228 a
117 2168 229 2239 bandi,
258 2167 384 2229 durante
409 2166 669 2247 quinquennio...,
696 2168 828 2230 amoveri
856 2169 1045 2232 autmutari

77 2285 93 2319 e
120 2253 464 2320 nullatenus...valeaut.

118 2350 206 2410 9959.
229 2367 245 2404 s
268 2345 286 2424 §
307 2347 364 2407 9...
389 2343 494 2405 Statuit
516 2344 662 2405 Sanctitas
684 2345 745 2406 Sua
767 2349 817 2421 ut,
843 2363 945 2407 eoram
973 2346 1045 2428 ipsis

76 2463 93 2499 n
118 2433 396 2508 Censorinorum,
424 2431 576 2512 regulares
602 2450 638 2493 ao
660 2450 796 2512 personae
816 2451 906 2513 supra
929 2435 1045 2516 scriptae

77 2551 93 2588 n
117 2522 269 2589 conveniri
282 2521 405 2604 quidem
418 2527 469 2581 aut
481 2518 557 2581 trabi
571 2518 718 2592 debeant,
733 2519 784 2581 sed
799 2519 872 2581 alios
886 2523 1045 2584 convenire

78 2643 92 2674 n
119 2621 171 2677 aut
182 2611 298 2674 trabere
322 2627 383 2670 non
397 2608 529 2690 possint;
546 2609 585 2669 ita
599 2614 632 2670 ut
650 2607 805 2669 memorati
819 2608 1046 2671 conservatores

77 2729 95 2764 n
119 2706 150 2766 in
167 2701 279 2769 causis,
297 2700 328 2761 in
348 2697 457 2778 quibus
474 2697 624 2778 regulares
644 2701 696 2758 aut
715 2694 765 2756 alii
787 2703 901 2757 actores
915 2695 1042 2768 luerint,

79 2818 94 2852 e
121 2791 234 2854 nullam
249 2804 370 2871 prorsus
381 2785 618 2865 jurisdictionem
632 2784 824 2846 babeant...»
838 2785 883 2846 Ex
895 2783 1046 2849 derisione

79 2891 181 2944 tamen
195 2880 226 2942 S.
241 2879 274 2940 G.
291 2875 404 2938 Coneil.
420 2876 438 2936 9
451 2876 487 2936 D.
505 2875 597 2935 Bouir
612 2873 703 2936 relata
717 2872 772 2950 (Dr
785 2871 906 2953 Regni„
921 2881 995 2936 tom.
1010 2881 1044 2954 9,

80 2989 113 3054 p.
130 2971 197 3046 169)
206 2969 433 3029 Conservatores
447 2969 572 3044 possunt
584 2961 745 3023 defendere
758 2963 909 3042 regulares
924 2963 940 3024 a
954 2966 1047 3026 mani-

79 3057 162 3122 festis
180 3055 297 3134 injuriis
315 3070 351 3115 ae
370 3051 516 3114 violentiis
540 3049 661 3131 quando
685 3053 703 3111 ir
722 3051 784 3112 suis
810 3050 1047 3131 possessionibus

80 3147 262 3226 dejiciuntur
275 3148 305 3204 et
319 3139 445 3224 propriis
459 3139 546 3200 bonis
559 3137 601 3200 uti
615 3156 649 3200 ae
663 3137 721 3201 frui
738 3138 952 3219 impediuntur.

122 3238 211 3297 9951.
227 3234 452 3295 conservatores
466 3225 521 3290 sibi
535 3227 644 3309 eligere
654 3235 789 3308 possunt,
801 3245 862 3289 non
874 3229 990 3288 tantum
1004 3245 1047 3290 ro

81 3323 201 3406 gulares
211 3322 261 3402 qui
273 3335 412 3399 expressa
421 3323 452 3380 et
460 3315 620 3398 peculiaria
630 3315 781 3396 privilegia
794 3319 852 3377 trS.
869 3313 945 3377 Sede
957 3319 1049 3396 Apos-

82 3413 172 3474 toliett
193 3411 404 3481 obtinuerunt,
428 3405 481 3467 sed
499 3413 529 3466 et
549 3403 648 3466 oaeteri
668 3403 738 3480 alii,
760 3403 866 3466 virtute
881 3403 1049 3464 eommuni-

81 3499 209 3565 cationis
232 3497 453 3580 privilegiorum
474 3510 543 3555 eum
564 3493 654 3573 ipsis,
674 3497 706 3554 ut
728 3493 867 3572 expresse
889 3489 1050 3554 declaravit

82 3592 115 3652 S.
131 3588 241 3668 Congr.
257 3587 363 3662 Cone,
379 3588 415 3646 19
431 3589 505 3664 sept.
522 3585 610 3642 1699.
630 3579 704 3642 Vide
718 3581 850 3642 Ferreus
864 3584 910 3664 (νῦ
926 3581 1048 3644 Conser-

84 3685 210 3746 veteres,
228 3682 283 3738 art.
300 3677 315 3736 1
331 3719 340 3752 ,
356 3681 388 3734 u⁰
402 3671 441 3752 9).
