2486 3984
168 203 225 266 118
386 215 522 264 uruntur
542 207 642 261 mnus
664 206 746 260 :nats
767 207 916 260 canumet.

166 339 181 380 0
207 323 291 383 Statu
301 315 436 380 laicatiin
446 322 556 378 sortem
566 313 688 374 Domini
700 317 729 373 et
739 313 860 372 Statum
869 308 1146 378 clericalemtrans·

167 431 182 472 0
206 408 288 471 ferri.
304 428 319 466 0
337 409 380 468 lta
399 406 429 467 S.
447 405 584 485 Ligunn,
600 401 652 462 tib.
670 405 707 478 6,
723 405 756 462 n⁰
769 404 838 462 735.

207 501 296 561 root.
319 496 494 577 Disputatur
516 499 618 555 utrum
641 492 739 571 prima
752 498 876 551 tonsura
900 489 939 551 sit
963 489 1038 552 ordo
1066 512 1073 554 :
1100 499 1146 556 sat

168 585 370 652 communiter
394 583 543 645 affirmant
563 580 732 642 Canonistae
746 597 816 640 cum
840 579 1019 642 Corarruritt
1036 587 1068 642 et
1087 583 1145 645 Fa-

169 695 287 759 gnauo,
311 681 369 736 etc.
394 671 509 754 Negant
530 678 653 733 econtra
681 667 883 730 communiter
906 667 1048 750 'theologi
1078 677 1148 752 post

168 767 199 828 S.
216 765 384 840 Thomam‚
401 759 585 842 etquidem,
601 765 634 820 ut
647 757 781 834 videtur,
797 756 892 818 multo
908 757 1104 839 probabilius.

209 855 328 916 Priores
342 853 480 914 nituntur
493 848 660 930 praesertim
682 865 749 928 cap.
773 844 932 928 Contr'npot
951 850 987 924 6,
1002 847 1036 909 dc
1059 857 1148 912 relate

172 952 200 1006 et
216 941 337 1024 qualit,
363 940 414 1003 ubi
435 947 560 1000 tonsura
573 943 696 999 vocatur
709 934 865 997 clericatus
878 933 963 1012 orcle,
978 944 1008 998 et
1022 937 1148 1020 insuper
1241 947 1242 970 ³

170 1025 1149 1115 quibusdamresponsionibuscongreg.Romanarum,inquibus

170 1122 335 1184 affirmetur
358 1137 413 1200 per
441 1123 598 1180 tonsuram
621 1121 802 1177 caracterem
824 1113 956 1194 imprimi
985 1113 1072 1191 (Vide
1093 1118 1150 1178 Le·

170 1229 288 1293 quens,
304 1207 345 1270 n¹·
359 1210 418 1270 136
437 1211 468 1268 01
481 1207 561 1284 139).
576 1206 665 1266 Juxta
683 1203 739 1264 hos
752 1209 889 1264 auctores
903 1202 1069 1284 Episcopus
1084 1223 1148 1268 non

172 1305 269 1382 potest
282 1305 437 1360 tonsuram
456 1293 593 1356 conterre
612 1300 694 1354 extra
709 1309 793 1354 suam
808 1290 963 1352 dioecesim
977 1291 1042 1354 sine
1058 1293 1150 1356 ticen-
1240 1313 1241 1322 ³

171 1389 209 1450 tit
229 1386 400 1462 Ordinarii3
423 1383 494 1465 quia
509 1381 675 1463 Episcopo,
691 1388 723 1443 ut
741 1379 879 1461 superius
897 1381 976 1456 (986t
993 1379 1147 1462 diximus,

172 1477 296 1539 uetitum
311 1481 356 1538 est
368 1475 386 1535 t
399 1471 512 1535 Concil.
527 1469 610 1532 trid.
628 1476 715 1541 (sess.
732 1473 762 1542 6,
778 1487 806 1530 0.
821 1472 852 1545 5)
873 1485 1013 1530 exercere
1025 1471 1150 1532 Pontiti-
1235 1491 1241 1551 ,¹

176 1565 249 1628 cotia
265 1565 295 1625 in
310 1562 406 1626 aliena
421 1559 542 1623 dioecesi
557 1559 622 1620 sine
636 1557 784 1620 Ordiuarii
803 1557 932 1619 licentit.

214 1652 395 1716 Posteriores
407 1651 478 1712 vend
492 1649 697 1711 auctoritatem
712 1645 835 1707 Concilii
854 1645 988 1707 Trident.
1007 1647 1151 1710 invocant
1234 1632 1241 1710 ἶ.

173 1746 256 1823 (5055.
272 1747 310 1805 63
325 1759 353 1803 0.
370 1745 416 1816 6),
431 1737 483 1800 ubi
498 1737 607 1798 dicitur
623 1755 630 1795 :
651 1757 666 1792 0
679 1737 718 1798 Ut
729 1734 780 1816 qui
789 1733 859 1814 jum
874 1735 994 1796 tonsura*
1008 1735 1151 1818 iusipnitr‘
1240 1749 1241 1752 ’

172 1838 263 1894 essent
274 1878 282 1907 ‚
292 1849 350 1912 per
363 1828 488 1887 minores
502 1822 542 1885 ud
553 1824 678 1904 majores
687 1823 802 1884 ordines
815 1822 1023 1886 ascenderent.
1040 1847 1056 1882 0
1071 1828 1151 1889 Prae-
1241 1842 1242 1853 ¹

173 1931 255 1982 terea
273 1937 301 1981 0.
328 1921 364 1979 t't
379 1913 474 1994 ejusd.
496 1930 567 1974 sess.
585 1911 630 1990 (de
644 1912 779 1992 reform.)
793 1919 916 1974 testatur
936 1913 990 1974 hos
1004 1913 1085 1976 solos
1102 1934 1151 1978 or-
1239 1891 1242 1923 Σ

174 2008 262 2069 dines
283 2004 321 2067 ab
334 2003 420 2065 initio
440 2001 532 2064 fnisse
546 2001 577 2062 in
592 2001 725 2062 Ecclesia
738 2009 874 2082 receptos
892 2003 909 2062 t
929 2001 1096 2064 Diaconatu
1109 2003 1151 2066 06

174 2095 381 2160 Ostiorotum.
398 2091 478 2172 Ergo
491 2097 614 2152 tonsura
625 2109 685 2152 non
700 2097 745 2151 est
757 2090 843 2153 ord0.

212 2181 389 2246 Rationibus
411 2179 641 2242 canonistarum
663 2180 787 2260 insuper
809 2177 993 2261 respondent
1016 2185 1045 2243 t·
1066 2183 1151 2263 quod

173 2291 228 2356 per
241 2271 330 2333 verba
345 2269 502 2332 clericatus
515 2267 584 2329 ordo
597 2315 605 2346 ‚
620 2287 687 2350 cap.
708 2267 867 2348 Contr‘npct
883 2287 944 2330 non
965 2269 1036 2332 uelit
1057 2273 1151 2352 signi·

174 2361 264 2424 ficare
278 2367 434 2422 tonsuram
447 2377 513 2420 esse
527 2358 647 2440 proprie
661 2356 798 2419 ordinem
810 2377 818 2434 ;
835 2357 887 2419 sed
901 2357 1046 2420 duntaxat
1060 2359 1151 2424 cleri·
1241 2431 1242 2442 ¹

174 2450 271 2514 cotem
284 2455 393 2511 statum
409 2450 427 2509 a
444 2446 616 2510 conditione
630 2445 724 2508 laicali
736 2445 905 2523 diversum3
930 2451 963 2510 2⁹
975 2448 1057 2529 qudd
1073 2451 1152 2512 Con·
1241 2457 1242 2534 ᾗ

176 2538 365 2622 gregationes
378 2538 522 2599 Romanae
540 2535 703 2618 loquantur
723 2537 841 2597 tantum
861 2535 900 2598 de
922 2545 1074 2600 caractere
1094 2539 1153 2601 irn-

174 2627 295 2713 proprie
309 2627 408 2702 dioto,
423 2627 451 2688 vi
463 2625 551 2705 cujus
563 2633 687 2687 tonsura
711 2625 815 2705 nequit
835 2623 954 2704 iterari,
977 2627 1031 2688 etsi
1046 2625 1151 2690 illicita

173 2716 298 2795 collata,
317 2715 408 2778 modo
422 2714 529 2777 valide.
552 2712 625 2776 Vide
642 2713 739 2775 105615
751 2712 833 2794 apud
846 2714 978 2777 Farraris
992 2717 1034 2794 (0·ο
1048 2715 1151 2794 Ordo,

177 2811 234 2868 art.
255 2804 350 2884 1,0“·
368 2807 460 2882 616).

215 2897 304 2958 1668.
334 2896 424 2957 luxu
450 2891 529 2954 hunc
551 2891 747 2974 posteriorem
768 2893 966 2970 sententiam,
981 2892 1153 2977 Episcopus

174 2984 251 3047 ualet
264 2985 295 3046 in
309 2983 407 3046 06006
421 2981 547 3044 Dioeoesi
570 2987 724 3042 tonsuram
742 2981 898 3052 conterre.
914 2983 980 3044 sine
997 2983 1152 3046 Ordinarii

174 3070 311 3148 600066,
326 3074 397 3153 quia
410 3078 534 3131 tonsura
549 3069 615 3131 sine
625 3068 850 3132 Pontiticatibus
868 3071 1005 3153 privatim
1016 3073 1152 3134 corrierri

176 3168 284 3244 potest.
301 3160 376 3222 Vide
391 3159 422 3221 S.
438 3157 681 3238 1630000666,
695 3166 729 3219 n⁰
744 3161 813 3220 156.

215 3253 304 3312 1669.
326 3249 415 3311 Juxta
429 3246 543 3308 Concil.
559 3245 738 3320 Trid.‚sess.
751 3250 801 3320 63,
811 3263 840 3308 0.
852 3250 883 3322 r,
894 3245 931 3308 od
941 3248 1072 3328 primam
1082 3257 1153 3312 ton-

173 3355 277 3401 suram
292 3354 353 3398 uon
366 3343 438 3398 suut
457 3333 593 3396 initiandi
618 3335 670 3416 qui
689 3343 899 3396 rememoratum
915 3337 1152 3416 confimationi}

173 3445 229 3488 uon
244 3425 431 3506 susceperint.
447 3426 536 3487 turta
547 3432 648 3485 tamen
663 3425 841 3486 sententiam
850 3441 1059 3502 communem,
1076 3447 1153 3509 pro·

175 3511 303 3576 babilitrs
330 3512 519 3575 confirmatio
545 3531 606 3575 non
630 3513 791 3593 requiritur
816 3511 874 3576 sub
898 3513 979 3594 gravi
1007 3524 1150 3596 peccato.
1240 3525 1241 3544 ¹

178 3600 250 3662 Vide
260 3602 291 3662 S.
307 3599 546 3670 6100001666.
562 3600 603 3661 01·
619 3604 687 3664 163.
703 3604 785 3664 aaut.
