2534 3996
481 206 566 253 monn
586 203 708 254 remon·
1025 187 1078 250 llll

530 371 548 452 s
569 373 643 433 vui.

154 495 261 561 Utrum
276 495 448 580 Capitulum
454 495 509 578 jus
517 495 623 559 labent
632 494 751 578 olc'quid
758 495 1048 579 cm'peudidncniter

535 594 668 677 receptis.

152 763 241 822 rell.
262 759 295 822 ld
310 755 530 840 prohibuerunt
541 757 654 819 Concil.
670 756 752 820 Trid.
771 758 863 832 (sess.
880 761 939 836 nt,
955 776 1021 840 cap.
1039 762 1085 839 ll)

112 853 221 930 etpost
236 847 309 909 illud
328 849 359 910 S.
383 845 455 908 Pius
474 847 510 920 V,
527 844 559 908 in
578 845 662 908 Bulld
681 845 797 908 Durum
811 847 899 908 nimis
915 853 946 910 el
963 847 1086 930 quidem

112 937 169 1001 nun
183 935 364 1017 gravissimis
375 933 483 1017 poenis.

153 1028 218 1086 Non
233 1033 333 1088 temen
348 1024 405 1087 snb
418 1023 475 1086 hdo
488 1023 688 1106 prohibitione
702 1023 1003 1107 comprehenduntur
1016 1045 1087 1088 con-

113 1115 288 1176 snmmlinos
307 1120 336 1176 el
350 1119 460 1176 statute
472 1114 500 1174 vi
515 1132 645 1194 quorum
655 1113 768 1196 aliquid
782 1113 962 1196 exigeretur,
980 1133 1041 1176 non
1056 1115 1086 1176 in

113 1203 297 1280 eligentium
313 1201 480 1280 utilitatem,
496 1219 552 1264 nec
565 1219 620 1284 pro
635 1203 772 1282 ingressu
782 1209 810 1264 el
825 1201 1018 1280 admissione,
1034 1203 1085 1265 sod

113 1291 150 1354 ud
168 1291 282 1371 uliquos
296 1309 369 1353 usus
385 1290 460 1371 pios.

159 1404 173 1438 n
194 1383 224 1441 S.
249 1379 407 1460 Synollus,
425 1379 521 1460 inquil
535 1379 722 1459 Concilium,
745 1380 867 1442 mandat
886 1379 1041 1462 Episcopis
1054 1387 1088 1443 ul

112 1491 130 1530 n
154 1487 390 1550 nicaenumque...
417 1469 448 1528 in
471 1488 538 1529 cesus
564 1468 629 1550 pios
654 1487 715 1531 non
738 1476 975 1544 convertuntur,
999 1476 1087 1551 elque

114 1580 131 1616 n
157 1559 307 1638 ingressus
331 1558 453 1638 eosqui
476 1557 612 1620 silunniae
640 1557 714 1620 labis
736 1565 788 1620 nul
812 1557 939 1619 sordidae
960 1559 1087 1621 nunritiae
1161 1571 1164 1577 '

113 1667 131 1706 n
156 1647 355 1728 suspicionem
371 1645 493 1721 hebent,
510 1645 574 1708 fieri
591 1665 652 1708 non
667 1645 849 1728 permillant.
872 1667 888 1705 n

158 1755 174 1794 o
193 1737 267 1797 ltem
281 1735 360 1796 liciln
374 1742 480 1797 sunt...
497 1735 628 1814 (statuta)
643 1755 712 1817 quae
724 1735 869 1796 mandunt
880 1741 910 1796 et
923 1733 1088 1816 disponunt

111 1847 129 1886 n
154 1825 234 1905 qudd
247 1824 359 1886 noviler
370 1823 515 1904 provisi...
529 1831 689 1906 antequam
700 1823 738 1886 de
748 1825 883 1886 mussi...
896 1823 1085 1905 participent,

111 1937 128 1974 n
155 1931 209 1995 per
224 1912 346 1995 aliquod
369 1913 513 1994 temporis
528 1914 657 1994 spetlum
681 1913 771 1994 gratis
785 1912 924 1976 Ecclesiae
939 1911 1087 1975 deservire

110 2025 127 2062 n
153 2001 292 2076 debeant,
308 2002 353 2064 vel
368 2001 448 2084 quod
466 2002 580 2064 lruolus
594 2002 684 2082 primi
699 2001 770 2064 anni
784 2002 843 2064 sint
855 2001 981 2064 haercdis
995 2002 1088 2064 Ceno

111 2115 128 2152 n
156 2092 214 2154 nioi
239 2090 423 2153 defuncti.»
455 2092 496 2152 lte
523 2091 696 2168 lllnnnoelli,
719 2109 756 2154 ex
787 2090 922 2172 pluribus
943 2090 1083 2154 declarat.

111 2183 147 2244 S.
162 2181 272 2262 Congu.
289 2182 381 2242 Conc.
398 2181 457 2261 (op.
474 2181 509 2240 D.
528 2180 633 2256 Bouix,
650 2180 704 2256 il,
721 2200 749 2262 p.
768 2184 848 2256 nol).

153 2275 243 2331 ullu.
279 2291 294 2328 n
326 2268 403 2330 Nihil
419 2276 539 2346 lemen,
563 2269 660 2351 inquil
675 2269 754 2330 idem
769 2269 926 2332 lllonacelli
942 2269 1083 2350 (ibidem,

110 2383 127 2420 n
155 2379 185 2440 p.
204 2361 286 2436 50³),
301 2357 389 2420 delur
403 2358 550 2432 Nolnriis,
566 2358 765 2439 calnpannriis
778 2365 808 2420 el
821 2359 886 2420 ollis
901 2359 1044 2422 ministris
1058 2369 1087 2422 ol

110 2473 127 2509 n
153 2447 397 2510 officialibus...»
419 2445 495 2508 Vide
521 2447 611 2508 ctiam
634 2447 786 2522 Ferraris,
815 2457 845 2509 r⁰
875 2447 1084 2524 canonicatus,

110 2545 170 2601 art.
187 2542 216 2610 Ξ,
234 2547 266 2598 n⁰
282 2541 331 2600 42.

158 2651 174 2686 o
246 2627 351 2708 Neque
368 2625 512 2690 serrendo
530 2631 576 2687 esl
595 2625 782 2688 consuetudo
802 2627 862 2706 qul
882 2623 1085 2688 introductum

110 2741 129 2780 n
153 2716 210 2779 full
222 2715 305 2798 quod
320 2714 459 2778 Cenonici
474 2715 535 2777 sire
549 2713 597 2776 ulii
617 2713 782 2796 presbytori
803 2713 840 2774 de
854 2713 979 2776 ccclesill
996 2731 1085 2800 pron-

111 2829 129 2867 n
155 2805 239 2868 dium
253 2803 512 2866 haboredeboanl.
529 2806 566 2864 El
579 2803 646 2864 ideo
656 2805 687 2864 S.
702 2804 813 2882 congr.
827 2801 926 2882 Episc.
939 2811 968 2864 el
978 2803 1083 2884 Regni.

112 2917 129 2957 ι
155 2893 196 2974 (in
211 2893 443 2976 Coputnquensi,
460 2897 496 2954 ll
512 2891 608 2953 irlnrlii
625 2895 711 2968 1692)
734 2891 824 2952 lolem
838 2892 1086 2958 consuetudinem

112 3005 129 3045 ι
154 2981 334 3046 abolendam
348 2999 414 3045 esse
434 2980 589 3044 censuit.»
607 2983 651 3043 lta
670 2979 760 3043 eliam
777 2981 809 3041 S.
831 2981 941 3062 Congr.
957 2982 1085 3061 Concil,

112 3063 132 3122 3
147 3069 223 3138 sept.
242 3062 318 3120 1729
333 3059 426 3136 (iuxta
442 3058 559 3121 Ferrar.
576 3059 615 3124 il.
632 3074 667 3124 n⁰
682 3067 732 3136 ³5,
748 3064 801 3126 sed
817 3083 877 3126 non
893 3065 931 3126 ilc
947 3067 1080 3127 obsolute

113 3147 178 3298 hoc6
189 3146 309 3298 retiupim
326 3147 380 3208 l'uil
393 3149 452 3208 nS.
468 3149 514 3224 C.,
530 3149 613 3231 J'uxlo
638 3153 795 3218 Benxlu
816 3153 943 3237 lleSpu.
962 3155 1015 3218 lib.
1032 3157 1083 3229 ll,

114 3255 145 3299 c.
194 3254 254 3309 ,in
290 3253 339 3300 ne.

559 3367 641 3449 six.

244 3513 460 3596 Proeropotiooe
475 3513 687 3576 Cnuouicorum
701 3515 800 3599 quood
812 3515 955 3581 inditum.

159 3659 249 3720 ulls.
270 3657 396 3736 Semper
410 3657 551 3720 cononici
572 3656 652 3719 inuiti
673 3659 811 3720 videnlur
826 3659 917 3720 luisse
938 3677 1090 3738 prerogo-

119 3747 183 3808 usn
208 3745 362 3808 del'erendi
383 3745 412 3806 in
427 3745 520 3808 choro
539 3747 673 3809 habitum
695 3745 950 3808 honorabiliorem
989 3767 1049 3827 quo
1071 3753 1090 3810 u
