2522 3996
463 291 550 339 nram
570 291 687 344 rnrnos.
724 291 731 296 '
1024 279 1061 341 lt

92 411 174 468 aaa,
190 397 222 462 7,
234 409 324 454 eausa
335 393 383 468 lt),
395 410 425 472 q.
439 391 468 466 l,
485 390 522 454 ad
538 392 702 473 Episcopos
718 390 791 452 olim
801 389 978 472 pertinebat.
988 394 1063 456 Vide

91 481 208 552 Deroti,
221 481 273 542 lib.
289 489 319 552 2,
334 482 378 543 tit.
396 485 445 558 t7,
461 481 516 561 §Q
533 481 563 542 in
578 483 657 542 nott.
673 481 710 540 Vi
724 487 826 542 autem
839 481 1064 544 consuetudinis

91 590 140 632 res
158 571 245 632 aliter
267 589 332 632 essa
361 577 501 652 possunt,
523 575 551 630 et
579 568 700 650 quando
724 569 808 630 nullo
830 569 917 630 titulo
938 569 1065 633 debetur

92 661 220 736 olrlatio,
242 661 267 721 si
281 660 411 722 offerens
430 661 570 742 expresso
587 659 668 720 dicat
690 676 723 719 so
737 657 813 720 vella
827 657 899 719 dare
919 659 1064 722 sacerdoti

92 748 280 812 functionem
299 767 415 810 sacram
429 750 599 832 peragenti,
614 746 652 809 ad
667 745 749 808 hunc
770 765 832 808 non
846 746 884 808 ad
898 748 1065 830 parocbum

93 838 204 900 oblatio
219 845 292 902 tunc
306 839 464 920 pertinebit
478 839 595 916 (Bonis,
611 835 664 911 ib„
677 856 707 918 p.
724 837 803 914 479).

132 927 333 1008 Regulariter,
347 927 512 988 oblationes
526 945 594 1006 quae
609 924 687 986 liunt
699 924 787 987 alicui
801 925 924 1007 capellae
937 925 982 988 rel
994 926 1066 989 ima-

94 1015 156 1096 gini
166 1017 302 1078 eeclesiae
313 1015 500 1098 parochialis,
512 1015 556 1076 rel
565 1015 654 1076 alicui
666 1015 794 1076 oratorio
804 1016 958 1094 extraejus
967 1017 1064 1078 ambi·

94 1113 178 1184 tuni,
194 1105 232 1168 ab
248 1105 442 1168 ollerentibus
455 1103 643 1165 destinantur
652 1102 690 1165 ad
704 1111 916 1166 ornamentum
930 1105 1063 1186 capellae,

95 1193 246 1275 imaginis,
265 1202 315 1257 aut
329 1193 466 1270 oratorii;
480 1193 518 1254 ad
532 1191 696 1275 parochum
710 1198 811 1254 tamen
826 1193 954 1273 pertinet
969 1193 1065 1256 admi-

95 1283 222 1346 nistrare
235 1282 406 1363 huiusmodi
423 1282 597 1344 oblationes.

135 1377 224 1436 1390.
241 1373 361 1446 Quaerit.
379 1375 410 1433 l⁰
425 1375 470 1432 dn
486 1371 650 1434 oblationes
664 1391 700 1434 en
711 1371 823 1452 justitil
837 1371 1026 1436 debeantur?

133 1465 225 1544 llesp.
242 1467 346 1543 Neque
359 1463 427 1540 jure
444 1458 546 1522 divino
570 1480 669 1543 neque
688 1461 820 1522 hnmano
842 1462 938 1522 teneri
962 1461 1066 1526 fideles

95 1551 131 1614 ad
153 1553 220 1614 illas
234 1552 395 1622 iaciendas,
413 1551 615 1612 communiter
633 1550 766 1611 docetur.
783 1552 824 1610 lta
840 1551 982 1625 Lauren,
999 1553 1066 1615 Les·

94 1643 167 1718 sius,
184 1642 327 1712 Barbosa,
343 1647 413 1714 ato,
429 1646 532 1701 eontra
547 1639 693 1720 quosdam
704 1639 788 1699 alios.

135 1733 166 1794 l⁰
180 1730 357 1793 Ordinarius
380 1747 440 1791 non
460 1735 557 1810 potest
578 1727 644 1788 illas
664 1727 787 1789 reddere
809 1727 1016 1810 obligatorias,
1040 1735 1065 1794 si

95 1819 217 1882 aliunde
236 1839 298 1882 non
312 1818 389 1880 desit
408 1835 542 1896 congrua
564 1816 640 1878 Cleri
661 1817 852 1894 sustentatio,
875 1818 946 1900 quia
962 1821 988 1881 ei
1004 1838 1065 1884 non

97 1909 164 1972 linet
183 1909 221 1970 de
242 1909 329 1970 bonis
342 1905 556 1988 temporalibus
574 1905 812 1970 dioecesanorum
827 1925 882 1989 pro
902 1907 987 1970 libitu
1004 1909 1064 1970 dis-

96 2017 220 2080 ponere,
233 1997 285 2060 sed
298 1999 415 2059 tantum
430 2015 466 2057 ex
479 1995 576 2057 causis
591 2001 620 2056 et
637 1995 667 2059 in
683 1995 801 2058 casibus
814 1997 831 2058 b
842 1997 910 2076 jure
924 1996 1064 2060 determi-

97 2089 185 2149 natis.

132 2181 165 2238 2⁰
184 2175 338 2238 oParoohi
353 2193 413 2235 non
429 2177 553 2255 possunt
566 2173 701 2254 accipere
713 2173 825 2254 aliquid
839 2175 854 2235 d
869 2181 975 2256 sponte
989 2176 1063 2238 dan-

95 2287 109 2322 a
134 2263 954 2346 tibusproadministrationesacramentorum;possunt
964 2272 1064 2328 tamen

95 2376 109 2412 a
134 2355 271 2436 accipere
281 2353 364 2436 quod
373 2359 478 2434 sponte
491 2369 546 2432 pro
565 2351 756 2434 eleemosyna
769 2351 901 2416 offertur.
912 2355 943 2415 S.
953 2355 1062 2436 Congr.

94 2465 110 2504 a
134 2445 242 2521 Cone,
263 2447 282 2506 5
303 2441 379 2503 febr.
405 2443 492 2502 1593.
510 2461 525 2498 n
543 2441 691 2514 Ferraris,
717 2452 748 2502 v⁰
770 2441 933 2520 Paroebua,
956 2450 1010 2505 art.
1031 2447 1061 2522 3,

96 2543 129 2594 n·
144 2539 193 2608 tt,
210 2531 291 2614 apud
305 2547 397 2613 quem
411 2529 478 2592 vide
492 2529 550 2590 alia
563 2528 604 2588 η’·
620 2532 723 2591 ΜΟ.

134 2626 165 2684 3⁰
180 2619 403 2684 Consuetudine
423 2619 524 2680 induci
541 2623 638 2698 potest
656 2618 798 2700 obligatio
813 2625 908 2682 certas
921 2625 951 2682 et
963 2620 1064 2684 deter-

94 2713 223 2774 minatas
236 2709 403 2772 oblationes
422 2705 560 2770 leniendi.

133 2803 261 2881 insuper
277 2800 309 2860 in
328 2797 435 2879 triplici
450 2813 522 2858 casu
536 2795 702 2859 oblationes
715 2795 862 2860 debentur
877 2819 885 2861 :
911 2822 926 2860 a
941 2804 971 2864 l⁰
985 2803 1063 2866 Dum

94 2910 110 2949 a
133 2889 283 2952 debentur
297 2905 350 2968 per
363 2885 486 2948 modum
496 2889 616 2962 oensds,
627 2886 781 2969 pensionis
794 2895 844 2950 aut
858 2893 1063 2955 conventionis

94 3000 114 3038 n.
134 2986 222 3041 antea
242 2977 328 3038 laetae
351 2992 421 3037 eum
442 2975 593 3051 lloolesid3
616 2979 647 3036 2⁰
662 2977 732 3038 clim
754 2975 901 3042 debentur
918 2999 954 3044 ex
974 2989 1062 3044 testa-

94 3089 109 3128 n
133 3074 253 3144 mento,
283 3065 395 3146 legato,
425 3063 606 3140 donatione;
631 3068 662 3126 3ο
680 3064 754 3127 dum
778 3068 911 3130 minister
930 3071 1062 3134 ecclesias

95 3179 109 3218 a
135 3175 198 3219 non
211 3154 301 3216 babet
310 3171 475 3233 congruam
485 3153 741 3232 sustentationem,
757 3162 786 3216 et
796 3159 850 3239 ipsi
861 3160 1063 3239 possuntsub

94 3267 109 3306 a
133 3245 238 3308 venire
253 3241 435 3325 parochiani.
451 3263 466 3300 n
485 3241 636 3318 (Lauren,
658 3261 706 3324 ap.
728 3244 839 3322 Bouix,
855 3246 909 3318 ib,
931 3266 961 3329 p.
980 3251 1063 3330 480.)

95 3334 180 3398 Circa
194 3333 378 3410 oblationes,
399 3328 466 3392 ride
487 3329 609 3411 insuper
622 3329 750 3395 dicenda
771 3333 847 3396 intra
860 3337 948 3412 (5353
962 3339 1059 3418 5360).

134 3427 225 3487 l3tll.
242 3421 363 3494 Ouaerit.
382 3423 414 3481 2⁰
429 3419 586 3491 Quomodo
599 3420 631 3480 in
645 3421 738 3483 Gallia
748 3421 798 3501 jus
812 3424 1011 3503 parochorum
1025 3426 1061 3487 ad

94 3512 262 3574 oblationes
276 3507 515 3570 determinatur?

133 3601 224 3680 Resp.
241 3597 428 3660 Gubernium
442 3597 473 3656 in
488 3594 580 3656 Gallia
594 3595 649 3658 sibi
669 3603 798 3658 reservat
808 3599 857 3676 jus
878 3599 1061 3678 approbandi

98 3689 140 3750 ret
153 3683 312 3766 rejiciendi
330 3683 548 3759 optimarum
560 3681 599 3750 da
611 3683 811 3746 oblationibus
828 3683 1037 3760 dispositiones
1050 3697 1059 3740 a
