2522 3992
178 223 237 286 48⁵2
399 237 535 286 llllttlltlt
555 237 655 285 renus
675 239 756 286 runis
777 239 926 286 cruorum.

179 340 394 402 tantumusum
404 337 555 399 bonorum
565 337 617 399 sed
627 343 657 399 et
670 337 894 418 proprietatem.
906 337 1047 398 Diximus
1058 341 1181 401 tamen

182 445 271 509 supra
285 427 315 489 id
330 445 392 489 non
407 445 471 488 csse
485 426 523 487 de
537 426 665 488 assentit
680 430 773 488 staltis
787 425 917 506 religiosi
934 422 1038 491 12183.
1058 430 1178 504 2181);

182 516 263 578 unde
278 517 344 578 loco
366 515 526 578 verborum
546 515 607 576 sind
623 515 765 596 proprio,
786 522 820 578 ul
833 513 970 576 definitio
990 519 1184 578 accuratior

184 603 234 665 irat
259 605 342 684 juxta
373 603 451 666 dicta
482 622 591 684 supra,
615 603 763 684 ponendae
790 609 861 664 sunt
887 621 991 678 voces,
1017 603 1090 665 siud
1122 625 1182 666 usn

186 693 321 754 tonorum
348 691 577 776 independeatc,
609 690 731 773 quando
756 709 818 754 non
845 693 944 772 agitur
970 691 1009 754 dc
1033 693 1181 756 solemni

186 783 382 846 Prolessione.

190 913 192 918 -
225 875 313 934 2686.
337 871 484 933 Prolessio
503 875 548 931 est
568 870 613 932 rel
639 869 698 932 luti
719 877 856 952 sumpla,
879 870 977 951 qualis
1000 877 1047 934 est
1074 893 1179 955 quam

186 959 462 1033 mmlddelrnimus3
481 958 526 1018 vel
537 960 637 1020 stricte
652 977 705 1020 seu
720 962 819 1039 potitis
832 958 1020 1020 strictissime
1033 972 1178 1044 sculpta

187 1055 215 1109 et
230 1049 296 1110 talis
310 1054 354 1108 est
369 1046 513 1128 professio
527 1050 585 1127 qul
601 1055 667 1108 vota
683 1049 830 1109 solemnia
843 1047 1042 1113 emittuntur.
1061 1059 1099 1110 et
1126 1054 1179 1114 eui

188 1135 354 1216 specialiter
369 1135 507 1197 convenit
524 1135 658 1196 delinitio
673 1137 795 1197 ltilluart
809 1155 898 1216 supra
913 1137 1002 1197 relata
1021 1140 1154 1220 (ursui).

227 1229 316 1287 2681.
333 1228 405 1286 Item
421 1224 569 1286 Prolessio
583 1225 628 1285 vel
643 1233 686 1286 est
703 1245 849 1306 represso,
867 1244 935 1306 quar
952 1226 1056 1298 verbo,
1075 1232 1179 1311 scrip

189 1318 254 1374 tunt
269 1315 394 1396 aliisque
410 1315 530 1376 nulibus
548 1333 730 1376 consensum
749 1313 930 1376 sullioieuter
943 1314 1180 1379 ‹lecturautilms

190 1403 380 1483 expuimitur3
397 1405 441 1466 vel
458 1405 548 1464 tacito
570 1423 638 1484 quta
655 1422 710 1464 nec
724 1421 806 1476 vore,
823 1421 879 1464 ricc
894 1404 1013 1484 scripio,
1031 1413 1110 1480 etr..²
1129 1407 1177 1477 lit,

190 1492 239 1552 sed
256 1512 308 1572 per
323 1513 418 1556 unum
433 1493 477 1555 vel
493 1494 593 1574 plures
608 1501 690 1553 actus
709 1492 850 1572 professis
865 1494 1001 1573 proprios
1023 1504 1179 1558 cerasetur

191 1581 300 1644 induci.
315 1586 356 1644 lla
371 1582 646 1662 Sohmnlzgruelrer,
663 1599 710 1662 ap.
730 1581 822 1642 ltouix
838 1581 904 1657 (lt,
921 1601 951 1662 p.
968 1586 1050 1656 661).

230 1677 317 1733 2688.
349 1673 394 1732 Ad
426 1673 556 1733 valorem
585 1670 781 1731 l‘rolessiouis
810 1671 903 1730 mulla
935 1672 1174 1752 requiruntur:

191 1761 212 1818 l.
237 1761 274 1821 Ut
295 1760 438 1840 profitens
459 1761 496 1821 sit
522 1759 628 1820 habilis
647 1757 685 1822 ad
709 1758 941 1840 ingrediendum
963 1761 1174 1840 Religionem.

191 1849 244 1918 Oui
309 1851 459 1914 irritabiles
473 1852 532 1910 sint
547 1849 678 1910 diximus
689 1850 718 1908 in
729 1849 746 1927 ξ
758 1848 935 1929 precedenti
952 1854 1174 1934 (adult-roto).

230 1938 264 1996 ll.
290 1941 328 2000 Ut
350 1937 492 1998 declinam
512 1947 627 1999 sertum
649 1957 755 1998 cunum
771 1938 955 2018 impleverit,
978 1939 1020 2000 uli
1040 1943 1176 2003 suncivil

192 2025 331 2104 Synodus
344 2027 528 2088 Tridentino.
551 2025 625 2086 Vide
640 2045 730 2107 supra
744 2029 855 2104 (2636).
873 2028 967 2088 Porro
980 2029 1004 2088 si
1020 2047 1080 2089 uua
1102 2040 1175 2092 lau-

191 2113 254 2172 tirm
270 2113 342 2176 hora
356 2117 482 2183 deesset,
499 2115 580 2175 irrita
596 2115 743 2176 l’rolessio
758 2115 844 2188 soret,
861 2117 932 2195 quia
943 2117 1028 2194 juxta
1042 2118 1074 2178 S.
1087 2120 1175 2180 Con-

192 2219 274 2280 greg.
291 2211 320 2264 et
334 2221 439 2264 omnes
451 2206 526 2281 ltu,
542 2211 613 2264 astas
623 2207 639 2264 ir
650 2203 772 2284 Synodo
787 2203 983 2266 determinata
997 2211 1174 2287 conrputari

192 2289 280 2351 delict
293 2293 502 2354 mathematice
517 2293 597 2355 etde
612 2301 767 2354 momento
780 2291 817 2353 ad
834 2303 1039 2370 momentum;
1058 2295 1125 2358 imd
1142 2301 1172 2358 in

192 2379 371 2458 quibusdam
388 2381 592 2464 Religionibus
606 2389 677 2443 oetas
691 2383 857 2464 provectior
871 2383 1012 2464 exigitur,
1027 2391 1062 2445 ul
1076 2403 1175 2468 supra

193 2466 324 2532 diximus
340 2473 457 2549 (2639).

232 2561 320 2622 2689.
337 2561 391 2622 Die
407 2563 443 2622 ttt
459 2560 556 2621 martii
572 2563 648 2621 1857
663 2560 812 2621 emanavit
826 2561 987 2622 Decretum
1003 2579 1140 2643 sequens
1155 2569 1172 2627 ir

194 2649 224 2708 S.
249 2649 397 2730 Congreg.
419 2667 509 2730 super
531 2650 614 2710 Statu
637 2648 844 2728 regularium:
867 2671 882 2706 o
900 2652 981 2711 ...Ex
997 2653 1173 2731 Apostolus

194 2757 207 2791 o
235 2739 423 2800 Auctoritatis
446 2737 650 2819 plenitudine,
671 2738 772 2799 statuit
792 2745 881 2818 atque
901 2737 1035 2800 decernit
1057 2741 1103 2820 (S.
1123 2745 1171 2820 C.)

195 2847 208 2879 o
233 2831 262 2885 et
276 2826 313 2886 ab
327 2827 468 2890 omnibus
487 2828 524 2889 ad
539 2844 615 2908 quos
630 2831 800 2906 spectant...
817 2827 1004 2889 observari...
1019 2828 1124 2908 jubet,
1142 2843 1170 2894 et

195 2934 208 2968 a
233 2917 390 2978 contrariis
413 2916 676 2996 quibuscumque,
703 2917 792 2975 etiam
816 2917 937 2997 speciali
960 2925 990 2979 et
1015 2915 1170 2982 individui

196 3023 209 3058 o
234 3006 387 3067 mentione
401 3015 431 3066 et
444 3005 637 3084 derogatione
651 3003 768 3082 dignis,
785 3005 945 3086 derogat...

234 3115 249 3150 a
275 3095 396 3155 Peracta
420 3093 595 3173 probatione
617 3098 646 3154 et
672 3093 819 3156 liovitialu
842 3094 880 3156 nd
906 3097 1167 3178 praeseriplum...,

197 3201 209 3237 a
235 3183 337 3244 novitii
363 3190 430 3242 vota
456 3181 602 3261 simplicia
630 3183 767 3242 emittant
795 3191 955 3265 postquam
984 3186 1168 3266 expleverint

146 3315 149 3320 ,
197 3293 210 3328 n
235 3279 351 3334 aetnlem
374 3287 524 3332 annorum
553 3274 647 3346 16...;
667 3277 696 3332 et
719 3272 817 3352 quoad
840 3271 931 3334 laicos
956 3281 987 3336 et
1008 3293 1169 3338 conversos

200 3385 210 3418 r
236 3368 395 3441 postquam
413 3359 450 3418 ad
473 3377 540 3419 eam
562 3361 752 3439 pervenerint
770 3369 886 3422 natalem
909 3381 978 3444 quae
996 3363 1025 3424 in
1041 3365 1166 3427 Constit.

198 3471 211 3503 o
236 3449 380 3508 Clemenl.
391 3449 465 3522 llll,
479 3447 570 3527 incip.
589 3447 624 3507 Iu
637 3449 779 3529 suprcmd,
799 3452 1000 3530 praelntlaest
1014 3457 1125 3530 (2638).

236 3557 251 3592 u
266 3533 392 3596 Prosessi
404 3543 469 3617 post
478 3536 656 3612 triennium,
668 3540 684 3596 t
695 3537 743 3598 die
753 3557 816 3618 quo
825 3548 891 3600 vols
902 3541 1049 3621 simplicis
1059 3542 1167 3606 emise-

197 3641 212 3678 ο
237 3622 298 3682 rint
307 3623 588 3706 computandum,si
597 3622 680 3703 digni
688 3627 886 3707 reperiantur,
898 3627 936 3690 ad
947 3628 1166 3692 Prolessioneru
