2528 3996
470 293 556 345 tram
576 295 693 348 carnus.
1008 285 1060 352 ool

97 390 281 478 probationis
302 392 400 474 (ibid,
423 418 455 480 p.
475 402 557 476 sat).
579 435 620 446 -
642 399 700 464 Sed
720 399 786 466 vice
805 406 910 482 vemt,
936 424 996 467 non
1025 415 1069 468 est

97 484 280 566 prohibitum
295 503 365 548 cum
380 487 500 549 licentia
514 488 711 570 Superiorum
721 492 848 554 transire
863 496 879 555 0
892 499 968 556 statu
983 493 1068 557 cleri·

97 573 153 635 cali
167 572 203 635 ad
218 592 431 642 conversorum
445 583 567 650 statum,
577 575 744 642 dummodo
757 582 905 644 transiens
916 601 976 645 non
985 585 1022 646 sit
1037 583 1068 646 in

97 663 208 737 sacris,
224 670 252 724 et
273 669 347 727 tunc
367 664 565 746 praecedentia
584 669 602 728 a
621 666 670 730 die
693 669 887 750 professionis
907 672 1024 734 emissae
1038 672 1068 734 in

98 758 175 814 statu
198 751 327 815 clericali
348 760 392 816 est
413 752 592 817 ordinanda.
607 749 682 820 Vide
698 759 735 818 ll.
764 759 857 821 Bouix
880 759 924 822 De
948 761 1068 843 Repat„

98 845 172 902 tom.
188 844 218 917 2,
234 859 264 922 p.
281 843 351 904 530.
1044 871 1048 878 ·

498 997 579 1063 aar.
596 998 666 1062 lllll.

223 1139 261 1186 nr
280 1139 379 1188 ulans
399 1140 555 1190 srucrcaus
575 1143 707 1189 oanrnurr
727 1143 951 1193 nerrarosonort.

139 1283 228 1345 ³l03.
252 1283 312 1344 Etsi
328 1299 435 1346 omnes
448 1275 619 1366 Religiones
638 1283 817 1348 conveniant
834 1284 866 1345 in
888 1284 1070 1350 intendenda

99 1371 282 1452 pellectione
302 1371 452 1436 charitatis
474 1391 543 1454 qua>
569 1379 614 1434 est
635 1371 702 1434 linis
725 1371 843 1434 illarum
859 1375 1028 1457 praecipuus
1042 1384 1070 1439 ct

99 1459 285 1538 essentialis,
299 1459 442 1523 dillerunt
455 1469 556 1525 tamen
567 1461 655 1523 variis
663 1459 771 1522 titulis:
782 1460 949 1524 diversitate
962 1483 1070 1546 nempe

102 1548 171 1610 linis
184 1549 349 1630 unicuique
362 1549 466 1614 Ordini
480 1549 682 1634 specialis‚vel
697 1549 866 1611 mediorum
878 1550 916 1612 ad
930 1553 1070 1614 eumdem

101 1636 193 1700 linem
208 1637 443 1702 conducentium
464 1659 472 1700 ε
488 1639 565 1702 lines
578 1640 660 1701 enim
674 1639 818 1720 speciales
827 1638 989 1720 aliquando
1003 1650 1072 1703 sunt

101 1727 186 1808 quasi
205 1727 437 1792 substantialiter
450 1728 557 1791 diversi
571 1775 580 1805 ,
594 1735 628 1791 ut
651 1727 834 1810 hospitalitas
853 1735 884 1790 et
903 1728 1073 1809 praedicatio

101 1815 181 1878 verbi
192 1817 245 1879 Dei
257 1837 266 1893 ;
277 1816 440 1898 aliquando
453 1825 554 1881 autem
567 1824 637 1881 sunt
645 1817 790 1879 duntaxat
799 1815 966 1879 secundirm
978 1819 1073 1899 magis

99 1911 130 1967 et
145 1906 263 1982 minus,
275 1914 307 1968 ut
317 1907 530 1990 contemplatio
539 1906 680 1969 diuturna
694 1913 747 1968 aut
759 1905 858 1968 solbm
872 1905 961 1968 certis
975 1905 1070 1984 horis;

100 1995 272 2076 praedicatio
296 1995 374 2058 inter
393 1995 514 2076 fideles,
529 1995 575 2060 vel
590 1997 621 2058 in
635 1995 776 2058 universo
796 1994 869 2057 orbe
889 1995 979 2056 ctiam
992 1995 1071 2078 apud

100 2083 260 2162 infideles,
274 2093 304 2148 et
318 2085 361 2148 sic
374 2083 412 2148 de
426 2085 502 2148 aliis.

141 2177 231 2237 3100.
248 2173 403 2256 Praecipua
414 2173 519 2237 divisio
533 2174 723 2256 Religionum
733 2175 815 2238 estin
825 2174 1070 2258 contemplativas,

101 2264 212 2325 activos
225 2271 254 2325 ct
267 2263 397 2326 mixtas:
411 2265 644 2346 contemplative
656 2271 728 2327 sunt
741 2265 798 2328 illae
807 2283 876 2346 quae
889 2263 926 2326 ad
936 2274 1072 2326 contem·

102 2351 264 2434 piationem
278 2360 308 2415 et
322 2353 473 2434 propriam
492 2351 698 2415 membrorum
719 2373 845 2416 suorum
859 2353 1073 2434 perlectionem

103 2441 308 2523 principaliter
322 2450 392 2504 sunt
405 2441 565 2517 institutae3
579 2443 685 2503 actiaca
697 2442 755 2504 ittae
769 2450 838 2504 sunt
853 2459 920 2522 quaa
934 2442 971 2502 ad
985 2445 1075 2504 actio·

103 2547 158 2593 nes
178 2530 391 2594 misericordiae
414 2531 597 2594 exercendas
623 2548 695 2611 erga
724 2531 896 2612 proximum
924 2531 1073 2610 praecipue

102 2627 290 2700 occupantur
295 2639 304 2695 ;
320 2621 425 2684 miste
438 2639 506 2702 quaa
519 2619 559 2682 ad
571 2627 735 2702 utriunque
745 2617 838 2680 finem
852 2617 1072 2700 assequendum

102 2707 400 2790 pariterintendunt.
1135 2699 1139 2710 ’

145 2799 315 2879 Antequam
330 2797 537 2862 brevissimam
554 2797 775 2881 precipuomm
790 2795 937 2860 ordinum
958 2794 1076 2878 religio·
1146 2819 1152 2826 ·

103 2903 208 2950 sorum
219 2886 354 2948 notitiam
364 2887 726 2971 contexemus‚quoedam
735 2885 994 2950 denominationes
1005 2891 1075 2949 sunt

103 2974 311 3058 explicaudae:

143 3067 236 3128 atos.
252 3097 291 3112 -
311 3069 344 3129 t·
356 3067 438 3130 voca
454 3067 568 3132 Arcetoe
581 3065 755 3150 frequenter
771 3066 878 3130 usitata
897 3067 976 3150 apud
997 3068 1074 3129 anti-

102 3171 201 3236 quos,
216 3154 412 3218 nominantur
431 3155 583 3240 religiosi,
597 3157 635 3220 cb
654 3156 736 3239 qudd
755 3173 821 3219 sesa
834 3155 922 3219 variis
935 3155 1075 3237 operibus

104 3242 294 3325 perfectionis
308 3251 477 3308 exerceant.

143 3338 176 3395 2⁰
195 3333 389 3398 Anartoretoe
401 3333 578 3398 dicebantur
590 3334 645 3418 qui
662 3335 788 3399 seorsim
809 3334 842 3398 in
863 3331 1023 3396 solitudine
1035 3331 1077 3396 vi·
1121 3361 1123 3368 ·

102 3427 165 3483 tam
180 3424 337 3486 asceticam
351 3423 513 3487 ducebant.

144 3514 176 3576 3⁰
199 3511 358 3578 Concdite
370 3531 426 3576 seu
440 3511 575 3576 memoli
582 3519 654 3576 sunt
665 3513 706 3577 illi
717 3513 869 3597 quiritum
879 3527 1076 3576 communem

104 3607 198 3684 agunt
212 3601 243 3662 in
257 3602 383 3680 moabie
395 3619 449 3666 seu
464 3603 667 3667 monasterio:
683 3605 738 3686 ipsi
753 3616 853 3668 autem
867 3621 904 3666 cx
920 3603 980 3665 line
993 3600 1077 3664 lusti·

104 3693 159 3756 tuti
175 3711 236 3754 non
251 3700 322 3756 sunt
335 3693 504 3758 necessario
517 3692 609 3758 sacris
622 3693 779 3757 ordinibus
792 3693 939 3755 initiandi.

890 3795 958 3860 Μ’·
