<?xml version="1.0" encoding="UTF-8"?>
<!DOCTYPE html PUBLIC "-//W3C//DTD XHTML 1.0 Transitional//EN"
    "http://www.w3.org/TR/xhtml1/DTD/xhtml1-transitional.dtd">
<html xmlns="http://www.w3.org/1999/xhtml" xml:lang="en" lang="en">
 <head>
  <title>
</title>
<meta http-equiv="Content-Type" content="text/html;charset=utf-8" />
  <meta name='ocr-system' content='tesseract 3.04.00' />
  <meta name='ocr-capabilities' content='ocr_page ocr_carea ocr_par ocr_line ocrx_word'/>
</head>
<body>
  <div class='ocr_page' id='page_1' title='image "./manualetotiusju01craigoog_0426.png"; bbox 0 0 2522 3992; ppageno 0'>
   <div class='ocr_carea' id='block_1_1' title="bbox 484 211 1081 273">
    <p class='ocr_par' dir='ltr' id='par_1_1' title="bbox 484 211 1081 273">
     <span class='ocr_line' id='line_1_1' title="bbox 484 211 1081 273; baseline 0 -2"><span class='ocrx_word' id='word_1_1' title='bbox 484 225 570 271; x_wconf 81' lang='lat' dir='ltr'><strong>enen</strong></span> <span class='ocrx_word' id='word_1_2' title='bbox 590 225 709 273; x_wconf 80' lang='lat' dir='ltr'><strong>minos.</strong></span> <span class='ocrx_word' id='word_1_3' title='bbox 1025 211 1081 272; x_wconf 84' lang='lat' dir='ltr'><strong>ttt</strong></span> 
     </span>
    </p>
   </div>
   <div class='ocr_carea' id='block_1_2' title="bbox 45 319 1089 1116">
    <p class='ocr_par' dir='ltr' id='par_1_2' title="bbox 45 319 1088 670">
     <span class='ocr_line' id='line_1_2' title="bbox 45 319 1088 406; baseline 0.006 -24"><span class='ocrx_word' id='word_1_4' title='bbox 45 364 50 369; x_wconf 88' lang='lat'><em>-</em></span> <span class='ocrx_word' id='word_1_5' title='bbox 110 319 192 384; x_wconf 75' lang='lat' dir='ltr'><strong>unde</strong></span> <span class='ocrx_word' id='word_1_6' title='bbox 205 321 288 385; x_wconf 93' lang='lat' dir='ltr'><strong>omni</strong></span> <span class='ocrx_word' id='word_1_7' title='bbox 307 321 459 403; x_wconf 80' lang='lat' dir='ltr'><strong>Superiori</strong></span> <span class='ocrx_word' id='word_1_8' title='bbox 477 321 617 402; x_wconf 87' lang='lat' dir='ltr'><strong>religioso</strong></span> <span class='ocrx_word' id='word_1_9' title='bbox 633 323 698 386; x_wconf 86' lang='lat' dir='ltr'><strong>haee</strong></span> <span class='ocrx_word' id='word_1_10' title='bbox 720 329 850 406; x_wconf 83' lang='lat' dir='ltr'><strong>potestas</strong></span> <span class='ocrx_word' id='word_1_11' title='bbox 863 325 1027 406; x_wconf 77' lang='lat' dir='ltr'><strong>oompttit,</strong></span> <span class='ocrx_word' id='word_1_12' title='bbox 1048 326 1088 388; x_wconf 83' lang='lat' dir='ltr'><strong>ite</strong></span> 
     </span>
     <span class='ocr_line' id='line_1_3' title="bbox 110 412 1086 494; baseline 0.004 -22"><span class='ocrx_word' id='word_1_13' title='bbox 110 417 144 472; x_wconf 93' lang='lat' dir='ltr'><strong>ut</strong></span> <span class='ocrx_word' id='word_1_14' title='bbox 165 413 198 470; x_wconf 83' lang='lat' dir='ltr'><strong>P.</strong></span> <span class='ocrx_word' id='word_1_15' title='bbox 222 412 371 474; x_wconf 84' lang='lat' dir='ltr'><strong>Gautrelet</strong></span> <span class='ocrx_word' id='word_1_16' title='bbox 394 420 506 474; x_wconf 80' lang='lat' dir='ltr'><strong>asseret</strong></span> <span class='ocrx_word' id='word_1_17' title='bbox 523 415 614 474; x_wconf 86' lang='lat' dir='ltr'><strong>etiam</strong></span> <span class='ocrx_word' id='word_1_18' title='bbox 637 413 807 474; x_wconf 81' lang='lat' dir='ltr'><strong>Abliatisses</strong></span> <span class='ocrx_word' id='word_1_19' title='bbox 821 421 850 475; x_wconf 91' lang='lat' dir='ltr'><strong>et</strong></span> <span class='ocrx_word' id='word_1_20' title='bbox 868 414 1086 494; x_wconf 79' lang='lat' dir='ltr'><strong>Superiorissos</strong></span> 
     </span>
     <span class='ocr_line' id='line_1_4' title="bbox 110 499 1088 581; baseline 0.006 -22"><span class='ocrx_word' id='word_1_21' title='bbox 110 499 304 573; x_wconf 82' lang='lat' dir='ltr'><strong>monialium,</strong></span> <span class='ocrx_word' id='word_1_22' title='bbox 329 519 458 581; x_wconf 85' lang='lat' dir='ltr'><strong>quarum</strong></span> <span class='ocrx_word' id='word_1_23' title='bbox 480 509 548 564; x_wconf 86' lang='lat' dir='ltr'><strong>vota</strong></span> <span class='ocrx_word' id='word_1_24' title='bbox 571 509 643 564; x_wconf 90' lang='lat' dir='ltr'><strong>sunt</strong></span> <span class='ocrx_word' id='word_1_25' title='bbox 664 501 830 580; x_wconf 83' lang='lat' dir='ltr'><strong>simplicia,</strong></span> <span class='ocrx_word' id='word_1_26' title='bbox 853 501 952 564; x_wconf 80' lang='lat' dir='ltr'><strong>volere</strong></span> <span class='ocrx_word' id='word_1_27' title='bbox 973 501 1088 565; x_wconf 84' lang='lat' dir='ltr'><strong>irritare</strong></span> 
     </span>
     <span class='ocr_line' id='line_1_5' title="bbox 109 587 1083 670; baseline 0.005 -23"><span class='ocrx_word' id='word_1_28' title='bbox 109 593 178 648; x_wconf 84' lang='lat' dir='ltr'><strong>vote</strong></span> <span class='ocrx_word' id='word_1_29' title='bbox 188 587 395 670; x_wconf 86' lang='lat' dir='ltr'><strong>religiosarum</strong></span> <span class='ocrx_word' id='word_1_30' title='bbox 405 589 459 650; x_wconf 89' lang='lat' dir='ltr'><strong>sibi</strong></span> <span class='ocrx_word' id='word_1_31' title='bbox 468 589 965 668; x_wconf 81' lang='lat' dir='ltr'><strong>subditurumvideinlredieenda</strong></span> <span class='ocrx_word' id='word_1_32' title='bbox 974 591 1083 669; x_wconf 78' lang='lat' dir='ltr'><strong>(tort).</strong></span> 
     </span>
    </p>

    <p class='ocr_par' dir='ltr' id='par_1_3' title="bbox 111 675 1089 1116">
     <span class='ocr_line' id='line_1_6' title="bbox 152 675 1086 761; baseline 0.007 -24"><span class='ocrx_word' id='word_1_33' title='bbox 152 675 183 737; x_wconf 85' lang='lat' dir='ltr'><strong>Si</strong></span> <span class='ocrx_word' id='word_1_34' title='bbox 201 695 273 757; x_wconf 91' lang='lat' dir='ltr'><strong>ergo</strong></span> <span class='ocrx_word' id='word_1_35' title='bbox 287 695 394 739; x_wconf 88' lang='lat' dir='ltr'><strong>omnes</strong></span> <span class='ocrx_word' id='word_1_36' title='bbox 408 678 584 758; x_wconf 82' lang='lat' dir='ltr'>Superiores</span> <span class='ocrx_word' id='word_1_37' title='bbox 597 677 717 739; x_wconf 81' lang='lat' dir='ltr'>Ordinis</span> <span class='ocrx_word' id='word_1_38' title='bbox 730 681 799 740; x_wconf 79' lang='lat' dir='ltr'><strong>vere</strong></span> <span class='ocrx_word' id='word_1_39' title='bbox 814 677 944 761; x_wconf 79' lang='lat' dir='ltr'><strong>religiosi</strong></span> <span class='ocrx_word' id='word_1_40' title='bbox 960 677 1086 744; x_wconf 79' lang='lat' dir='ltr'><strong>habeant</strong></span> 
     </span>
     <span class='ocr_line' id='line_1_7' title="bbox 111 766 1087 847; baseline 0.01 -24"><span class='ocrx_word' id='word_1_41' title='bbox 111 771 289 847; x_wconf 77' lang='lat' dir='ltr'><strong>potestatem</strong></span> <span class='ocrx_word' id='word_1_42' title='bbox 300 773 367 828; x_wconf 82' lang='lat' dir='ltr'><strong>voto</strong></span> <span class='ocrx_word' id='word_1_43' title='bbox 380 784 505 828; x_wconf 91' lang='lat' dir='ltr'><strong>suorum</strong></span> <span class='ocrx_word' id='word_1_44' title='bbox 516 767 704 830; x_wconf 89' lang='lat' dir='ltr'><strong>subditorum</strong></span> <span class='ocrx_word' id='word_1_45' title='bbox 719 766 853 830; x_wconf 74' lang='lat' dir='ltr'><strong>irritandi</strong></span> <span class='ocrx_word' id='word_1_46' title='bbox 864 769 970 844; x_wconf 83' lang='lat' dir='ltr'><strong>‚etiem</strong></span> <span class='ocrx_word' id='word_1_47' title='bbox 981 787 1087 833; x_wconf 87' lang='lat' dir='ltr'><strong>eorum</strong></span> 
     </span>
     <span class='ocr_line' id='line_1_8' title="bbox 112 853 1089 938; baseline 0.006 -24"><span class='ocrx_word' id='word_1_48' title='bbox 112 853 164 934; x_wconf 88' lang='lat' dir='ltr'><strong>qui</strong></span> <span class='ocrx_word' id='word_1_49' title='bbox 188 853 337 936; x_wconf 84' lang='lat' dir='ltr'><strong>simplicio</strong></span> <span class='ocrx_word' id='word_1_50' title='bbox 355 857 473 917; x_wconf 80' lang='lat' dir='ltr'><strong>tentum</strong></span> <span class='ocrx_word' id='word_1_51' title='bbox 493 856 675 934; x_wconf 86' lang='lat' dir='ltr'><strong>emiserunt,</strong></span> <span class='ocrx_word' id='word_1_52' title='bbox 690 857 845 937; x_wconf 86' lang='lat' dir='ltr'><strong>quomodo</strong></span> <span class='ocrx_word' id='word_1_53' title='bbox 859 856 917 920; x_wconf 86' lang='lat' dir='ltr'><strong>diei</strong></span> <span class='ocrx_word' id='word_1_54' title='bbox 934 864 1089 938; x_wconf 90' lang='lat' dir='ltr'><strong>potestso-</strong></span> 
     </span>
     <span class='ocr_line' id='line_1_9' title="bbox 113 941 1088 1028; baseline 0.006 -26"><span class='ocrx_word' id='word_1_55' title='bbox 113 941 301 1006; x_wconf 80' lang='lat' dir='ltr'><strong>lemnitatem</strong></span> <span class='ocrx_word' id='word_1_56' title='bbox 314 947 372 1005; x_wconf 87' lang='lat' dir='ltr'><strong>voti</strong></span> <span class='ocrx_word' id='word_1_57' title='bbox 388 944 567 1006; x_wconf 75' lang='lat' dir='ltr'><strong>obedientior</strong></span> <span class='ocrx_word' id='word_1_58' title='bbox 581 945 728 1026; x_wconf 73' lang='lat' dir='ltr'><strong>religiosae</strong></span> <span class='ocrx_word' id='word_1_59' title='bbox 743 947 907 1008; x_wconf 70' lang='lat' dir='ltr'><strong>consistere</strong></span> <span class='ocrx_word' id='word_1_60' title='bbox 921 946 951 1007; x_wconf 95' lang='lat' dir='ltr'><strong>in</strong></span> <span class='ocrx_word' id='word_1_61' title='bbox 967 946 1088 1028; x_wconf 76' lang='lat' dir='ltr'><strong>praeletd</strong></span> 
     </span>
     <span class='ocr_line' id='line_1_10' title="bbox 112 1029 1088 1116; baseline 0.007 -25"><span class='ocrx_word' id='word_1_62' title='bbox 112 1029 457 1113; x_wconf 79' lang='lat' dir='ltr'><strong>facultatesuperiorum</strong></span> <span class='ocrx_word' id='word_1_63' title='bbox 467 1033 603 1096; x_wconf 84' lang='lat' dir='ltr'><strong>irritandi</strong></span> <span class='ocrx_word' id='word_1_64' title='bbox 614 1051 721 1096; x_wconf 90' lang='lat' dir='ltr'><strong>omnes</strong></span> <span class='ocrx_word' id='word_1_65' title='bbox 728 1036 944 1116; x_wconf 88' lang='lat' dir='ltr'><strong>promissiones</strong></span> <span class='ocrx_word' id='word_1_66' title='bbox 958 1038 1088 1098; x_wconf 78' lang='lat' dir='ltr'><strong>etvoteir</strong></span> 
     </span>
    </p>
   </div>
   <div class='ocr_carea' id='block_1_3' title="bbox 112 1119 1247 1206">
    <p class='ocr_par' dir='ltr' id='par_1_4' title="bbox 112 1119 1247 1206">
     <span class='ocr_line' id='line_1_11' title="bbox 112 1119 1247 1206; baseline -0.001 -25"><span class='ocrx_word' id='word_1_67' title='bbox 112 1119 176 1182; x_wconf 90' lang='lat' dir='ltr'><strong>suis</strong></span> <span class='ocrx_word' id='word_1_68' title='bbox 186 1119 312 1183; x_wconf 88' lang='lat' dir='ltr'><strong>subditis</strong></span> <span class='ocrx_word' id='word_1_69' title='bbox 325 1121 454 1184; x_wconf 77' lang='lat' dir='ltr'><strong>emisse?</strong></span> <span class='ocrx_word' id='word_1_70' title='bbox 465 1121 499 1183; x_wconf 86' lang='lat' dir='ltr'><strong>Et</strong></span> <span class='ocrx_word' id='word_1_71' title='bbox 510 1122 533 1183; x_wconf 95' lang='lat' dir='ltr'><strong>si</strong></span> <span class='ocrx_word' id='word_1_72' title='bbox 544 1121 657 1201; x_wconf 87' lang='lat' dir='ltr'><strong>hoejus</strong></span> <span class='ocrx_word' id='word_1_73' title='bbox 667 1123 804 1186; x_wconf 82' lang='lat' dir='ltr'><strong>obveniet</strong></span> <span class='ocrx_word' id='word_1_74' title='bbox 817 1124 888 1206; x_wconf 91' lang='lat' dir='ltr'><strong>ipsis</strong></span> <span class='ocrx_word' id='word_1_75' title='bbox 898 1143 933 1186; x_wconf 87' lang='lat' dir='ltr'><strong>ex</strong></span> <span class='ocrx_word' id='word_1_76' title='bbox 946 1131 1090 1206; x_wconf 78' lang='lat' dir='ltr'><strong>potestate</strong></span> <span class='ocrx_word' id='word_1_77' title='bbox 1125 1165 1128 1172; x_wconf 80' lang='lat'><strong>·</strong></span> <span class='ocrx_word' id='word_1_78' title='bbox 1246 1131 1247 1180; x_wconf 85' lang='lat' dir='ltr'><strong>t</strong></span> 
     </span>
    </p>
   </div>
   <div class='ocr_carea' id='block_1_4' title="bbox 112 1207 1090 1740">
    <p class='ocr_par' dir='ltr' id='par_1_5' title="bbox 112 1207 1089 1558">
     <span class='ocr_line' id='line_1_12' title="bbox 112 1207 1088 1295; baseline 0.005 -26"><span class='ocrx_word' id='word_1_79' title='bbox 112 1207 328 1272; x_wconf 82' lang='lat' dir='ltr'><strong>dominationis</strong></span> <span class='ocrx_word' id='word_1_80' title='bbox 348 1229 441 1292; x_wconf 82' lang='lat' dir='ltr'><strong>quam</strong></span> <span class='ocrx_word' id='word_1_81' title='bbox 460 1212 637 1292; x_wconf 84' lang='lat' dir='ltr'><strong>Superiores</strong></span> <span class='ocrx_word' id='word_1_82' title='bbox 657 1213 817 1294; x_wconf 80' lang='lat' dir='ltr'><strong>acquirunt</strong></span> <span class='ocrx_word' id='word_1_83' title='bbox 831 1231 884 1295; x_wconf 90' lang='lat' dir='ltr'><strong>per</strong></span> <span class='ocrx_word' id='word_1_84' title='bbox 897 1213 1088 1276; x_wconf 77' lang='lat' dir='ltr'><strong>traditionem</strong></span> 
     </span>
     <span class='ocr_line' id='line_1_13' title="bbox 113 1297 1088 1384; baseline 0.004 -26"><span class='ocrx_word' id='word_1_85' title='bbox 113 1315 206 1379; x_wconf 83' lang='lat' dir='ltr'><strong>quem</strong></span> <span class='ocrx_word' id='word_1_86' title='bbox 234 1302 279 1360; x_wconf 90' lang='lat' dir='ltr'><strong>sul</strong></span> <span class='ocrx_word' id='word_1_87' title='bbox 304 1297 417 1362; x_wconf 78' lang='lat' dir='ltr'><strong>iaciunt</strong></span> <span class='ocrx_word' id='word_1_88' title='bbox 435 1299 565 1381; x_wconf 80' lang='lat' dir='ltr'><strong>religiosi</strong></span> <span class='ocrx_word' id='word_1_89' title='bbox 586 1301 616 1362; x_wconf 93' lang='lat' dir='ltr'><strong>in</strong></span> <span class='ocrx_word' id='word_1_90' title='bbox 638 1301 839 1384; x_wconf 79' lang='lat' dir='ltr'><strong>professione,</strong></span> <span class='ocrx_word' id='word_1_91' title='bbox 858 1302 1011 1384; x_wconf 88' lang='lat' dir='ltr'><strong>quomodo</strong></span> <span class='ocrx_word' id='word_1_92' title='bbox 1030 1302 1088 1365; x_wconf 89' lang='lat' dir='ltr'><strong>diei</strong></span> 
     </span>
     <span class='ocr_line' id='line_1_14' title="bbox 114 1386 1089 1474; baseline 0.007 -27"><span class='ocrx_word' id='word_1_93' title='bbox 114 1392 212 1466; x_wconf 88' lang='lat' dir='ltr'><strong>potest</strong></span> <span class='ocrx_word' id='word_1_94' title='bbox 225 1386 302 1450; x_wconf 86' lang='lat' dir='ltr'><strong>hene</strong></span> <span class='ocrx_word' id='word_1_95' title='bbox 316 1396 491 1469; x_wconf 85' lang='lat' dir='ltr'><strong>potestatem</strong></span> <span class='ocrx_word' id='word_1_96' title='bbox 505 1389 563 1452; x_wconf 91' lang='lat' dir='ltr'><strong>illis</strong></span> <span class='ocrx_word' id='word_1_97' title='bbox 584 1408 649 1453; x_wconf 88' lang='lat' dir='ltr'><strong>esse</strong></span> <span class='ocrx_word' id='word_1_98' title='bbox 663 1391 801 1453; x_wconf 74' lang='lat' dir='ltr'><strong>traditam</strong></span> <span class='ocrx_word' id='word_1_99' title='bbox 815 1392 911 1470; x_wconf 78' lang='lat' dir='ltr'><strong>aiure</strong></span> <span class='ocrx_word' id='word_1_100' title='bbox 925 1393 1049 1474; x_wconf 86' lang='lat' dir='ltr'><strong>positivo</strong></span> <span class='ocrx_word' id='word_1_101' title='bbox 1060 1400 1089 1454; x_wconf 89' lang='lat' dir='ltr'><strong>et</strong></span> 
     </span>
     <span class='ocr_line' id='line_1_15' title="bbox 115 1475 475 1558; baseline 0.006 -20"><span class='ocrx_word' id='word_1_102' title='bbox 115 1494 153 1538; x_wconf 87' lang='lat' dir='ltr'><strong>ex</strong></span> <span class='ocrx_word' id='word_1_103' title='bbox 168 1475 233 1558; x_wconf 86' lang='lat' dir='ltr'><strong>lege</strong></span> <span class='ocrx_word' id='word_1_104' title='bbox 246 1477 475 1540; x_wconf 76' lang='lat' dir='ltr'><strong>ecclesiastice?</strong></span> 
     </span>
    </p>

    <p class='ocr_par' dir='ltr' id='par_1_6' title="bbox 118 1567 1090 1740">
     <span class='ocr_line' id='line_1_16' title="bbox 156 1567 1088 1632; baseline 0.005 -6"><span class='ocrx_word' id='word_1_105' title='bbox 156 1567 244 1628; x_wconf 73' lang='lat'>2499.</span> <span class='ocrx_word' id='word_1_106' title='bbox 274 1567 324 1628; x_wconf 86' lang='lat' dir='ltr'><strong>Sie</strong></span> <span class='ocrx_word' id='word_1_107' title='bbox 349 1575 451 1628; x_wconf 87' lang='lat' dir='ltr'><strong>eutem</strong></span> <span class='ocrx_word' id='word_1_108' title='bbox 478 1567 566 1631; x_wconf 89' lang='lat' dir='ltr'><strong>nobis</strong></span> <span class='ocrx_word' id='word_1_109' title='bbox 592 1568 750 1631; x_wconf 75' lang='lat' dir='ltr'><strong>difficultas</strong></span> <span class='ocrx_word' id='word_1_110' title='bbox 780 1569 897 1632; x_wconf 87' lang='lat' dir='ltr'><strong>videtur</strong></span> <span class='ocrx_word' id='word_1_111' title='bbox 923 1569 1088 1632; x_wconf 71' lang='lat' dir='ltr'><strong>solvendos</strong></span> 
     </span>
     <span class='ocr_line' id='line_1_17' title="bbox 118 1653 1090 1740; baseline 0.006 -25"><span class='ocrx_word' id='word_1_112' title='bbox 118 1671 224 1716; x_wconf 92' lang='lat' dir='ltr'><strong>omnes</strong></span> <span class='ocrx_word' id='word_1_113' title='bbox 249 1653 373 1736; x_wconf 88' lang='lat' dir='ltr'><strong>quidem</strong></span> <span class='ocrx_word' id='word_1_114' title='bbox 399 1657 575 1738; x_wconf 86' lang='lat' dir='ltr'><strong>Superiores</strong></span> <span class='ocrx_word' id='word_1_115' title='bbox 596 1657 716 1720; x_wconf 89' lang='lat' dir='ltr'><strong>Ordinis</strong></span> <span class='ocrx_word' id='word_1_116' title='bbox 737 1660 806 1720; x_wconf 79' lang='lat' dir='ltr'><strong>vere</strong></span> <span class='ocrx_word' id='word_1_117' title='bbox 830 1657 958 1740; x_wconf 85' lang='lat' dir='ltr'><strong>religiosi</strong></span> <span class='ocrx_word' id='word_1_118' title='bbox 980 1658 1090 1721; x_wconf 78' lang='lat' dir='ltr'><strong>halient</strong></span> 
     </span>
    </p>
   </div>
   <div class='ocr_carea' id='block_1_5' title="bbox 116 1744 1089 1909">
    <p class='ocr_par' dir='ltr' id='par_1_7' title="bbox 116 1744 1089 1909">
     <span class='ocr_line' id='line_1_18' title="bbox 118 1744 1087 1827; baseline 0.005 -22"><span class='ocrx_word' id='word_1_119' title='bbox 118 1749 293 1822; x_wconf 77' lang='lat' dir='ltr'><strong>potestatem</strong></span> <span class='ocrx_word' id='word_1_120' title='bbox 312 1744 445 1807; x_wconf 84' lang='lat' dir='ltr'><strong>solvendi</strong></span> <span class='ocrx_word' id='word_1_121' title='bbox 461 1755 528 1808; x_wconf 84' lang='lat' dir='ltr'><strong>vote</strong></span> <span class='ocrx_word' id='word_1_122' title='bbox 545 1754 574 1808; x_wconf 90' lang='lat' dir='ltr'><strong>et</strong></span> <span class='ocrx_word' id='word_1_123' title='bbox 588 1747 803 1827; x_wconf 87' lang='lat' dir='ltr'><strong>promissiones</strong></span> <span class='ocrx_word' id='word_1_124' title='bbox 823 1765 947 1810; x_wconf 82' lang='lat' dir='ltr'><strong>suorum</strong></span> <span class='ocrx_word' id='word_1_125' title='bbox 961 1746 1087 1810; x_wconf 84' lang='lat' dir='ltr'><strong>sutdtto</strong></span> 
     </span>
     <span class='ocr_line' id='line_1_19' title="bbox 116 1826 1089 1909; baseline 0 -21"><span class='ocrx_word' id='word_1_126' title='bbox 116 1843 199 1905; x_wconf 87' lang='lat' dir='ltr'><strong>rum,</strong></span> <span class='ocrx_word' id='word_1_127' title='bbox 214 1829 243 1888; x_wconf 84' lang='lat' dir='ltr'><strong>vi</strong></span> <span class='ocrx_word' id='word_1_128' title='bbox 258 1826 387 1889; x_wconf 87' lang='lat' dir='ltr'><strong>illorum</strong></span> <span class='ocrx_word' id='word_1_129' title='bbox 403 1829 581 1890; x_wconf 81' lang='lat' dir='ltr'><strong>traditionis</strong></span> <span class='ocrx_word' id='word_1_130' title='bbox 593 1839 677 1892; x_wconf 78' lang='lat' dir='ltr'><strong>taetre</strong></span> <span class='ocrx_word' id='word_1_131' title='bbox 692 1829 721 1890; x_wconf 94' lang='lat' dir='ltr'><strong>in</strong></span> <span class='ocrx_word' id='word_1_132' title='bbox 737 1827 940 1909; x_wconf 75' lang='lat' dir='ltr'><strong>professione.</strong></span> <span class='ocrx_word' id='word_1_133' title='bbox 952 1827 1008 1888; x_wconf 83' lang='lat' dir='ltr'><strong>etsi</strong></span> <span class='ocrx_word' id='word_1_134' title='bbox 1024 1839 1089 1888; x_wconf 80' lang='lat' dir='ltr'><strong>rota</strong></span> 
     </span>
    </p>
   </div>
   <div class='ocr_carea' id='block_1_6' title="bbox 116 1915 1093 2889">
    <p class='ocr_par' dir='ltr' id='par_1_8' title="bbox 116 1915 1093 2889">
     <span class='ocr_line' id='line_1_20' title="bbox 117 1915 1089 2000; baseline 0 -22"><span class='ocrx_word' id='word_1_135' title='bbox 117 1927 192 1978; x_wconf 86' lang='lat' dir='ltr'><strong>tuuc</strong></span> <span class='ocrx_word' id='word_1_136' title='bbox 205 1915 245 1978; x_wconf 84' lang='lat' dir='ltr'><strong>eb</strong></span> <span class='ocrx_word' id='word_1_137' title='bbox 259 1916 280 1978; x_wconf 92' lang='lat' dir='ltr'><strong>il</strong></span> <span class='ocrx_word' id='word_1_138' title='bbox 287 1917 323 1980; x_wconf 81' lang='lat' dir='ltr'><strong>lis</strong></span> <span class='ocrx_word' id='word_1_139' title='bbox 333 1917 445 1979; x_wconf 85' lang='lat' dir='ltr'><strong>emisse</strong></span> <span class='ocrx_word' id='word_1_140' title='bbox 459 1917 520 1978; x_wconf 87' lang='lat' dir='ltr'><strong>sint</strong></span> <span class='ocrx_word' id='word_1_141' title='bbox 533 1919 588 1978; x_wconf 91' lang='lat' dir='ltr'><strong>sim</strong></span> <span class='ocrx_word' id='word_1_142' title='bbox 595 1919 683 2000; x_wconf 79' lang='lat' dir='ltr'><strong>pleis</strong></span> <span class='ocrx_word' id='word_1_143' title='bbox 698 1917 779 1992; x_wconf 78' lang='lat' dir='ltr'><strong>3sed.</strong></span> <span class='ocrx_word' id='word_1_144' title='bbox 793 1917 815 1978; x_wconf 84' lang='lat' dir='ltr'><strong>si</strong></span> <span class='ocrx_word' id='word_1_145' title='bbox 831 1917 1089 1980; x_wconf 75' lang='lat' dir='ltr'><strong>nonolstziretlen</strong></span> 
     </span>
     <span class='ocr_line' id='line_1_21' title="bbox 116 2006 1090 2090; baseline 0 -22"><span class='ocrx_word' id='word_1_146' title='bbox 116 2006 336 2080; x_wconf 78' lang='lat' dir='ltr'><strong>ecclesiastiea,</strong></span> <span class='ocrx_word' id='word_1_147' title='bbox 348 2007 486 2087; x_wconf 85' lang='lat' dir='ltr'><strong>ltuiejuri</strong></span> <span class='ocrx_word' id='word_1_148' title='bbox 497 2010 677 2070; x_wconf 85' lang='lat' dir='ltr'><strong>renuntiare</strong></span> <span class='ocrx_word' id='word_1_149' title='bbox 691 2017 822 2090; x_wconf 87' lang='lat' dir='ltr'><strong>possent</strong></span> <span class='ocrx_word' id='word_1_150' title='bbox 832 2007 940 2068; x_wconf 77' lang='lat' dir='ltr'><strong>saltem</strong></span> <span class='ocrx_word' id='word_1_151' title='bbox 952 2009 981 2068; x_wconf 93' lang='lat' dir='ltr'><strong>in</strong></span> <span class='ocrx_word' id='word_1_152' title='bbox 993 2025 1090 2086; x_wconf 77' lang='lat' dir='ltr'><strong>quan·</strong></span> 
     </span>
     <span class='ocr_line' id='line_1_22' title="bbox 117 2096 1091 2176; baseline -0.002 -19"><span class='ocrx_word' id='word_1_153' title='bbox 117 2107 236 2157; x_wconf 88' lang='lat' dir='ltr'><strong>tumeo</strong></span> <span class='ocrx_word' id='word_1_154' title='bbox 255 2115 317 2156; x_wconf 78' lang='lat' dir='ltr'><strong>utin</strong></span> <span class='ocrx_word' id='word_1_155' title='bbox 336 2096 510 2176; x_wconf 79' lang='lat' dir='ltr'><strong>imlrgereot</strong></span> <span class='ocrx_word' id='word_1_156' title='bbox 533 2115 588 2174; x_wconf 92' lang='lat' dir='ltr'><strong>pro</strong></span> <span class='ocrx_word' id='word_1_157' title='bbox 614 2099 765 2172; x_wconf 75' lang='lat' dir='ltr'><strong>regimine</strong></span> <span class='ocrx_word' id='word_1_158' title='bbox 786 2096 1027 2158; x_wconf 84' lang='lat' dir='ltr'><strong>Commuuitetis</strong></span> <span class='ocrx_word' id='word_1_159' title='bbox 1062 2102 1091 2156; x_wconf 88' lang='lat' dir='ltr'><strong>et</strong></span> 
     </span>
     <span class='ocr_line' id='line_1_23' title="bbox 118 2185 1089 2264; baseline -0.002 -18"><span class='ocrx_word' id='word_1_160' title='bbox 118 2185 1014 2264; x_wconf 73' lang='lat' dir='ltr'><strong>tuncomninvotoetpromissionesdsubditissuisemisso</strong></span> <span class='ocrx_word' id='word_1_161' title='bbox 1028 2203 1089 2246; x_wconf 93' lang='lat' dir='ltr'><strong>nou</strong></span> 
     </span>
     <span class='ocr_line' id='line_1_24' title="bbox 117 2273 1092 2355; baseline 0 -21"><span class='ocrx_word' id='word_1_162' title='bbox 117 2281 220 2334; x_wconf 85' lang='lat' dir='ltr'><strong>esseut</strong></span> <span class='ocrx_word' id='word_1_163' title='bbox 236 2277 255 2333; x_wconf 68' lang='lat' dir='ltr'><strong>s</strong></span> <span class='ocrx_word' id='word_1_164' title='bbox 269 2274 380 2354; x_wconf 81' lang='lat' dir='ltr'><strong>seipsis</strong></span> <span class='ocrx_word' id='word_1_165' title='bbox 395 2273 607 2334; x_wconf 65' lang='lat' dir='ltr'><strong>resciudiliilia</strong></span> <span class='ocrx_word' id='word_1_166' title='bbox 622 2295 629 2348; x_wconf 90' lang='lat'>;</span> <span class='ocrx_word' id='word_1_167' title='bbox 642 2277 727 2355; x_wconf 86' lang='lat' dir='ltr'><strong>etqui</strong></span> <span class='ocrx_word' id='word_1_168' title='bbox 746 2285 861 2345; x_wconf 79' lang='lat' dir='ltr'><strong>lernen,</strong></span> <span class='ocrx_word' id='word_1_169' title='bbox 876 2275 916 2334; x_wconf 84' lang='lat' dir='ltr'><strong>eit</strong></span> <span class='ocrx_word' id='word_1_170' title='bbox 934 2276 1027 2335; x_wconf 80' lang='lat' dir='ltr'><strong>Bouit</strong></span> <span class='ocrx_word' id='word_1_171' title='bbox 1038 2273 1092 2347; x_wconf 79' lang='lat' dir='ltr'><strong>(lle</strong></span> 
     </span>
     <span class='ocr_line' id='line_1_25' title="bbox 119 2361 1091 2443; baseline 0.002 -21"><span class='ocrx_word' id='word_1_172' title='bbox 119 2361 239 2440; x_wconf 58' lang='lat' dir='ltr'><strong>Regni„</strong></span> <span class='ocrx_word' id='word_1_173' title='bbox 251 2370 327 2423; x_wconf 91' lang='lat' dir='ltr'><strong>tom.</strong></span> <span class='ocrx_word' id='word_1_174' title='bbox 344 2363 373 2436; x_wconf 77' lang='lat' dir='ltr'><strong>l,</strong></span> <span class='ocrx_word' id='word_1_175' title='bbox 391 2383 420 2440; x_wconf 93' lang='lat' dir='ltr'><strong>p.</strong></span> <span class='ocrx_word' id='word_1_176' title='bbox 436 2361 519 2443; x_wconf 83' lang='lat' dir='ltr'><strong>litt).</strong></span> <span class='ocrx_word' id='word_1_177' title='bbox 538 2387 552 2418; x_wconf 69' lang='grc' dir='ltr'>ι</span> <span class='ocrx_word' id='word_1_178' title='bbox 570 2363 607 2423; x_wconf 84' lang='lat' dir='ltr'><strong>ad</strong></span> <span class='ocrx_word' id='word_1_179' title='bbox 625 2375 766 2425; x_wconf 80' lang='lat' dir='ltr'><strong>votmum</strong></span> <span class='ocrx_word' id='word_1_180' title='bbox 783 2365 837 2424; x_wconf 89' lang='lat' dir='ltr'><strong>sol·</strong></span> <span class='ocrx_word' id='word_1_181' title='bbox 851 2363 1011 2422; x_wconf 77' lang='lat' dir='ltr'><strong>multarem</strong></span> <span class='ocrx_word' id='word_1_182' title='bbox 1029 2379 1091 2422; x_wconf 90' lang='lat' dir='ltr'><strong>uon</strong></span> 
     </span>
     <span class='ocr_line' id='line_1_26' title="bbox 122 2449 1092 2529; baseline 0.005 -23"><span class='ocrx_word' id='word_1_183' title='bbox 122 2476 133 2506; x_wconf 71' lang='lat' dir='ltr'><strong>s</strong></span> <span class='ocrx_word' id='word_1_184' title='bbox 157 2449 1092 2529; x_wconf 77' lang='lat' dir='ltr'><strong>suffieitrisquaelibetpreel&#39;atosellectusprmluremli;sedvis</strong></span> 
     </span>
     <span class='ocr_line' id='line_1_27' title="bbox 121 2538 1093 2619; baseline 0.001 -20"><span class='ocrx_word' id='word_1_185' title='bbox 121 2563 135 2594; x_wconf 85' lang='lat' dir='ltr'><strong>o</strong></span> <span class='ocrx_word' id='word_1_186' title='bbox 161 2538 213 2600; x_wconf 88' lang='lat' dir='ltr'><strong>illa</strong></span> <span class='ocrx_word' id='word_1_187' title='bbox 224 2540 317 2600; x_wconf 69' lang='lat' dir='ltr'><strong>«lebet</strong></span> <span class='ocrx_word' id='word_1_188' title='bbox 331 2560 397 2601; x_wconf 81' lang='lat' dir='ltr'><strong>esse</strong></span> <span class='ocrx_word' id='word_1_189' title='bbox 411 2540 556 2604; x_wconf 79' lang='lat' dir='ltr'><strong>oltrolotn.</strong></span> <span class='ocrx_word' id='word_1_190' title='bbox 573 2541 602 2601; x_wconf 93' lang='lat' dir='ltr'><strong>id</strong></span> <span class='ocrx_word' id='word_1_191' title='bbox 619 2554 677 2612; x_wconf 85' lang='lat' dir='ltr'><strong>est,</strong></span> <span class='ocrx_word' id='word_1_192' title='bbox 694 2542 734 2601; x_wconf 84' lang='lat' dir='ltr'><strong>ite</strong></span> <span class='ocrx_word' id='word_1_193' title='bbox 750 2547 937 2619; x_wconf 76' lang='lat' dir='ltr'><strong>perpetuast</strong></span> <span class='ocrx_word' id='word_1_194' title='bbox 953 2545 1093 2601; x_wconf 75' lang='lat' dir='ltr'><strong>lintoolo-</strong></span> 
     </span>
     <span class='ocr_line' id='line_1_28' title="bbox 124 2627 1093 2710; baseline -0.004 -19"><span class='ocrx_word' id='word_1_195' title='bbox 124 2653 138 2684; x_wconf 77' lang='lat'>»</span> <span class='ocrx_word' id='word_1_196' title='bbox 159 2627 1093 2710; x_wconf 67' lang='lat' dir='ltr'><strong>titisutnepterettgtosusrrvqnetpottottmovtmtttamsos·</strong></span> 
     </span>
     <span class='ocr_line' id='line_1_29' title="bbox 119 2711 1093 2800; baseline -0.005 -22"><span class='ocrx_word' id='word_1_197' title='bbox 119 2740 135 2778; x_wconf 82' lang='lat' dir='ltr'><strong>r</strong></span> <span class='ocrx_word' id='word_1_198' title='bbox 160 2718 616 2800; x_wconf 69' lang='lat' dir='ltr'><strong>pendereauttotlerepossiot;</strong></span> <span class='ocrx_word' id='word_1_199' title='bbox 633 2717 716 2798; x_wconf 66' lang='lat' dir='ltr'><strong>qood</strong></span> <span class='ocrx_word' id='word_1_200' title='bbox 734 2716 901 2780; x_wconf 74' lang='lat' dir='ltr'><strong>antemnis</strong></span> <span class='ocrx_word' id='word_1_201' title='bbox 919 2717 1008 2777; x_wconf 87' lang='lat' dir='ltr'><strong>illa...</strong></span> <span class='ocrx_word' id='word_1_202' title='bbox 1025 2711 1093 2775; x_wconf 90' lang='lat' dir='ltr'><strong>tolli</strong></span> 
     </span>
     <span class='ocr_line' id='line_1_30' title="bbox 125 2807 1091 2889; baseline -0.003 -25"><span class='ocrx_word' id='word_1_203' title='bbox 125 2832 138 2864; x_wconf 70' lang='lat' dir='ltr'><em>a</em></span> <span class='ocrx_word' id='word_1_204' title='bbox 163 2809 262 2888; x_wconf 92' lang='lat' dir='ltr'><strong>possit</strong></span> <span class='ocrx_word' id='word_1_205' title='bbox 277 2807 293 2868; x_wconf 81' lang='lat' dir='ltr'><strong>d</strong></span> <span class='ocrx_word' id='word_1_206' title='bbox 308 2807 342 2869; x_wconf 79' lang='lat' dir='ltr'><strong>ll.</strong></span> <span class='ocrx_word' id='word_1_207' title='bbox 365 2807 409 2878; x_wconf 64' lang='lat' dir='ltr'><strong>ll.q</strong></span> <span class='ocrx_word' id='word_1_208' title='bbox 427 2808 456 2868; x_wconf 88' lang='lat' dir='ltr'><strong>id</strong></span> <span class='ocrx_word' id='word_1_209' title='bbox 472 2827 536 2868; x_wconf 84' lang='lat' dir='ltr'><strong>inm</strong></span> <span class='ocrx_word' id='word_1_210' title='bbox 552 2809 681 2889; x_wconf 84' lang='lat' dir='ltr'><strong>impedit</strong></span> <span class='ocrx_word' id='word_1_211' title='bbox 692 2825 801 2870; x_wconf 87' lang='lat' dir='ltr'><strong>eorum</strong></span> <span class='ocrx_word' id='word_1_212' title='bbox 815 2807 1043 2868; x_wconf 82' lang='lat' dir='ltr'><strong>solemuuetem</strong></span> <span class='ocrx_word' id='word_1_213' title='bbox 1058 2824 1091 2875; x_wconf 73' lang='grc' dir='ltr'><strong>ς»</strong></span> 
     </span>
    </p>
   </div>
   <div class='ocr_carea' id='block_1_7' title="bbox 120 2891 1095 3060">
    <p class='ocr_par' dir='ltr' id='par_1_9' title="bbox 120 2891 1095 3060">
     <span class='ocr_line' id='line_1_31' title="bbox 127 2891 1095 2980; baseline -0.005 -22"><span class='ocrx_word' id='word_1_214' title='bbox 127 2921 141 2952; x_wconf 81' lang='lat'><strong>»</strong></span> <span class='ocrx_word' id='word_1_215' title='bbox 164 2897 235 2959; x_wconf 80' lang='lat' dir='ltr'><strong>clim</strong></span> <span class='ocrx_word' id='word_1_216' title='bbox 253 2895 429 2960; x_wconf 75' lang='lat' dir='ltr'><strong>necessario</strong></span> <span class='ocrx_word' id='word_1_217' title='bbox 439 2895 551 2958; x_wconf 80' lang='lat' dir='ltr'><strong>debeat</strong></span> <span class='ocrx_word' id='word_1_218' title='bbox 564 2915 654 2980; x_wconf 82' lang='lat' dir='ltr'><strong>posse</strong></span> <span class='ocrx_word' id='word_1_219' title='bbox 670 2897 736 2960; x_wconf 92' lang='lat' dir='ltr'><strong>tolli</strong></span> <span class='ocrx_word' id='word_1_220' title='bbox 749 2895 789 2958; x_wconf 85' lang='lat' dir='ltr'><strong>ab</strong></span> <span class='ocrx_word' id='word_1_221' title='bbox 801 2913 839 2959; x_wconf 92' lang='lat' dir='ltr'><strong>eo</strong></span> <span class='ocrx_word' id='word_1_222' title='bbox 850 2900 904 2977; x_wconf 88' lang='lat' dir='ltr'><strong>qui</strong></span> <span class='ocrx_word' id='word_1_223' title='bbox 917 2912 985 2957; x_wconf 83' lang='lat' dir='ltr'><strong>eam</strong></span> <span class='ocrx_word' id='word_1_224' title='bbox 1000 2891 1095 2956; x_wconf 75' lang='lat' dir='ltr'><strong>libere</strong></span> 
     </span>
     <span class='ocr_line' id='line_1_32' title="bbox 120 2978 1091 3060; baseline -0.002 -18"><span class='ocrx_word' id='word_1_225' title='bbox 120 2983 232 3044; x_wconf 82' lang='lat' dir='ltr'><strong>statuit.</strong></span> <span class='ocrx_word' id='word_1_226' title='bbox 248 2981 305 3042; x_wconf 80' lang='lat' dir='ltr'><strong>&#39;llis</strong></span> <span class='ocrx_word' id='word_1_227' title='bbox 322 2979 506 3042; x_wconf 83' lang='lat' dir='ltr'><strong>concordent</strong></span> <span class='ocrx_word' id='word_1_228' title='bbox 519 2979 596 3041; x_wconf 86' lang='lat' dir='ltr'><strong>dicte</strong></span> <span class='ocrx_word' id='word_1_229' title='bbox 611 2980 642 3041; x_wconf 88' lang='lat' dir='ltr'><strong>S.</strong></span> <span class='ocrx_word' id='word_1_230' title='bbox 659 2979 692 3040; x_wconf 83' lang='lat' dir='ltr'><strong>C.</strong></span> <span class='ocrx_word' id='word_1_231' title='bbox 708 2978 745 3040; x_wconf 83' lang='lat' dir='ltr'><strong>ed</strong></span> <span class='ocrx_word' id='word_1_232' title='bbox 761 2979 942 3060; x_wconf 80' lang='lat' dir='ltr'><strong>Episcopum</strong></span> <span class='ocrx_word' id='word_1_233' title='bbox 958 2979 1091 3040; x_wconf 85' lang='lat' dir='ltr'><strong>Lemovi-</strong></span> 
     </span>
    </p>
   </div>
   <div class='ocr_carea' id='block_1_8' title="bbox 120 3067 1095 3682">
    <p class='ocr_par' dir='ltr' id='par_1_10' title="bbox 120 3067 1094 3602">
     <span class='ocr_line' id='line_1_33' title="bbox 120 3067 1093 3148; baseline -0.004 -16"><span class='ocrx_word' id='word_1_234' title='bbox 120 3088 243 3133; x_wconf 85' lang='lat' dir='ltr'><strong>eensem</strong></span> <span class='ocrx_word' id='word_1_235' title='bbox 254 3119 261 3146; x_wconf 82' lang='lat'><strong><em>,</em></strong></span> <span class='ocrx_word' id='word_1_236' title='bbox 272 3088 354 3132; x_wconf 84' lang='lat' dir='ltr'><strong>anno</strong></span> <span class='ocrx_word' id='word_1_237' title='bbox 369 3072 465 3134; x_wconf 72' lang='lat' dir='ltr'><strong>teto:</strong></span> <span class='ocrx_word' id='word_1_238' title='bbox 485 3069 625 3130; x_wconf 79' lang='lat' dir='ltr'><strong>«Votum</strong></span> <span class='ocrx_word' id='word_1_239' title='bbox 640 3067 775 3130; x_wconf 89' lang='lat' dir='ltr'><strong>solemne</strong></span> <span class='ocrx_word' id='word_1_240' title='bbox 789 3067 863 3131; x_wconf 94' lang='lat' dir='ltr'><strong>illud</strong></span> <span class='ocrx_word' id='word_1_241' title='bbox 876 3085 943 3130; x_wconf 86' lang='lat' dir='ltr'><strong>esse</strong></span> <span class='ocrx_word' id='word_1_242' title='bbox 960 3067 1040 3148; x_wconf 85' lang='lat' dir='ltr'><strong>quod</strong></span> <span class='ocrx_word' id='word_1_243' title='bbox 1054 3068 1093 3128; x_wconf 85' lang='lat' dir='ltr'><strong>eb</strong></span> 
     </span>
     <span class='ocr_line' id='line_1_34' title="bbox 121 3153 1093 3240; baseline -0.007 -19"><span class='ocrx_word' id='word_1_244' title='bbox 121 3183 137 3221; x_wconf 86' lang='lat' dir='ltr'><strong>o</strong></span> <span class='ocrx_word' id='word_1_245' title='bbox 162 3159 293 3223; x_wconf 65' lang='lat' dir='ltr'><strong>Ecclesia</strong></span> <span class='ocrx_word' id='word_1_246' title='bbox 307 3165 340 3222; x_wconf 92' lang='lat' dir='ltr'><strong>ut</strong></span> <span class='ocrx_word' id='word_1_247' title='bbox 353 3159 411 3222; x_wconf 85' lang='lat' dir='ltr'><strong>telo</strong></span> <span class='ocrx_word' id='word_1_248' title='bbox 425 3165 606 3240; x_wconf 85' lang='lat' dir='ltr'><strong>acceptetur,</strong></span> <span class='ocrx_word' id='word_1_249' title='bbox 617 3163 646 3219; x_wconf 93' lang='lat' dir='ltr'><strong>et</strong></span> <span class='ocrx_word' id='word_1_250' title='bbox 659 3165 814 3219; x_wconf 80' lang='lat' dir='ltr'><strong>voventem</strong></span> <span class='ocrx_word' id='word_1_251' title='bbox 824 3155 982 3218; x_wconf 75' lang='lat' dir='ltr'><strong>innobilem</strong></span> <span class='ocrx_word' id='word_1_252' title='bbox 996 3153 1093 3216; x_wconf 77' lang='lat' dir='ltr'><strong>reddit</strong></span> 
     </span>
     <span class='ocr_line' id='line_1_35' title="bbox 122 3243 1094 3331; baseline -0.007 -21"><span class='ocrx_word' id='word_1_253' title='bbox 122 3273 137 3310; x_wconf 90' lang='lat' dir='ltr'><strong>n</strong></span> <span class='ocrx_word' id='word_1_254' title='bbox 163 3250 194 3310; x_wconf 81' lang='lat' dir='ltr'><strong>in</strong></span> <span class='ocrx_word' id='word_1_255' title='bbox 211 3259 383 3331; x_wconf 78' lang='lat' dir='ltr'><strong>perpetuum</strong></span> <span class='ocrx_word' id='word_1_256' title='bbox 402 3257 431 3310; x_wconf 83' lang='lat' dir='ltr'><strong>et</strong></span> <span class='ocrx_word' id='word_1_257' title='bbox 452 3245 692 3319; x_wconf 74' lang='lat' dir='ltr'><strong>immutabiliter,</strong></span> <span class='ocrx_word' id='word_1_258' title='bbox 708 3249 839 3327; x_wconf 76' lang='lat' dir='ltr'><strong>spectatu</strong></span> <span class='ocrx_word' id='word_1_259' title='bbox 863 3246 927 3325; x_wconf 84' lang='lat' dir='ltr'><strong>lege</strong></span> <span class='ocrx_word' id='word_1_260' title='bbox 944 3243 1094 3304; x_wconf 82' lang='lat' dir='ltr'><strong>ordinarit</strong></span> 
     </span>
     <span class='ocr_line' id='line_1_36' title="bbox 122 3333 1090 3420; baseline -0.01 -16"><span class='ocrx_word' id='word_1_261' title='bbox 122 3361 138 3404; x_wconf 82' lang='lat' dir='ltr'><strong>u</strong></span> <span class='ocrx_word' id='word_1_262' title='bbox 163 3346 193 3402; x_wconf 89' lang='lat' dir='ltr'><strong>et</strong></span> <span class='ocrx_word' id='word_1_263' title='bbox 206 3337 551 3420; x_wconf 79' lang='lat' dir='ltr'><strong>sectuseutspemrttone</strong></span> <span class='ocrx_word' id='word_1_264' title='bbox 561 3335 729 3420; x_wconf 67' lang='lat' dir='ltr'><strong>pontilicis,</strong></span> <span class='ocrx_word' id='word_1_265' title='bbox 739 3335 776 3397; x_wconf 86' lang='lat' dir='ltr'><strong>nd</strong></span> <span class='ocrx_word' id='word_1_266' title='bbox 791 3333 1015 3397; x_wconf 86' lang='lat' dir='ltr'><strong>matrimonium</strong></span> <span class='ocrx_word' id='word_1_267' title='bbox 1025 3351 1090 3394; x_wconf 85' lang='lat' dir='ltr'><strong>eon</strong></span> 
     </span>
     <span class='ocr_line' id='line_1_37' title="bbox 125 3422 1091 3507; baseline -0.01 -14"><span class='ocrx_word' id='word_1_268' title='bbox 125 3454 140 3493; x_wconf 84' lang='lat' dir='ltr'><strong>o</strong></span> <span class='ocrx_word' id='word_1_269' title='bbox 164 3427 344 3490; x_wconf 86' lang='lat' dir='ltr'><strong>trahendum</strong></span> <span class='ocrx_word' id='word_1_270' title='bbox 354 3435 385 3489; x_wconf 92' lang='lat' dir='ltr'><strong>et</strong></span> <span class='ocrx_word' id='word_1_271' title='bbox 393 3427 528 3488; x_wconf 90' lang='lat' dir='ltr'><strong>dominio</strong></span> <span class='ocrx_word' id='word_1_272' title='bbox 541 3443 644 3490; x_wconf 86' lang='lat' dir='ltr'><strong>rerum</strong></span> <span class='ocrx_word' id='word_1_273' title='bbox 653 3423 835 3507; x_wconf 76' lang='lat' dir='ltr'><strong>requirenda</strong></span> <span class='ocrx_word' id='word_1_274' title='bbox 845 3424 890 3487; x_wconf 85' lang='lat' dir='ltr'><strong>vel</strong></span> <span class='ocrx_word' id='word_1_275' title='bbox 900 3422 1091 3486; x_wconf 79' lang='lat' dir='ltr'><strong>retinendo.»</strong></span> 
     </span>
     <span class='ocr_line' id='line_1_38' title="bbox 126 3517 465 3602; baseline -0.006 -22"><span class='ocrx_word' id='word_1_276' title='bbox 126 3518 248 3602; x_wconf 73' lang='lat' dir='ltr'><strong>(Bonis,</strong></span> <span class='ocrx_word' id='word_1_277' title='bbox 263 3517 317 3594; x_wconf 67' lang='lat' dir='ltr'><strong>ile,</strong></span> <span class='ocrx_word' id='word_1_278' title='bbox 333 3535 364 3599; x_wconf 93' lang='lat' dir='ltr'><strong>p.</strong></span> <span class='ocrx_word' id='word_1_279' title='bbox 380 3517 465 3593; x_wconf 74' lang='lat'><strong>502.)</strong></span> 
     </span>
    </p>

    <p class='ocr_par' dir='ltr' id='par_1_11' title="bbox 168 3601 1095 3682">
     <span class='ocr_line' id='line_1_39' title="bbox 168 3601 1095 3682; baseline -0.01 -10"><span class='ocrx_word' id='word_1_280' title='bbox 168 3605 255 3672; x_wconf 88' lang='lat' dir='ltr'><strong>Unde</strong></span> <span class='ocrx_word' id='word_1_281' title='bbox 269 3605 307 3668; x_wconf 84' lang='lat' dir='ltr'><strong>sd</strong></span> <span class='ocrx_word' id='word_1_282' title='bbox 320 3603 380 3668; x_wconf 89' lang='lat' dir='ltr'><strong>voti</strong></span> <span class='ocrx_word' id='word_1_283' title='bbox 394 3603 571 3669; x_wconf 70' lang='lat' dir='ltr'><strong>obedientis</strong></span> <span class='ocrx_word' id='word_1_284' title='bbox 585 3602 804 3668; x_wconf 86' lang='lat' dir='ltr'><strong>solemnitatem</strong></span> <span class='ocrx_word' id='word_1_285' title='bbox 818 3621 878 3666; x_wconf 93' lang='lat' dir='ltr'><strong>non</strong></span> <span class='ocrx_word' id='word_1_286' title='bbox 894 3603 1002 3666; x_wconf 83' lang='lat' dir='ltr'><strong>suflicit</strong></span> <span class='ocrx_word' id='word_1_287' title='bbox 1014 3601 1095 3682; x_wconf 83' lang='lat' dir='ltr'><strong>quod</strong></span> 
     </span>
    </p>
   </div>
   <div class='ocr_carea' id='block_1_9' title="bbox 0 0 1278 3992">
    <p class='ocr_par' dir='ltr' id='par_1_12' title="bbox 0 0 1278 3992">
     <span class='ocr_line' id='line_1_40' title="bbox 0 0 1278 3992; baseline 0 0"><span class='ocrx_word' id='word_1_288' title='bbox 0 0 1278 3992; x_wconf 95' lang='lat' dir='ltr'><strong> </strong></span> 
     </span>
    </p>
   </div>
  </div>
 </body>
</html>
