2522 4028
183 143 241 206 138
406 161 543 209 uacuus
563 161 664 207 rorros
683 159 766 230 sums
785 157 931 205 sanemur.

182 264 288 325 Turcis
301 271 330 326 et
343 265 481 343 Paganis,
501 266 553 345 qui
573 262 732 325 ordinandi
750 261 872 326 suntab
887 259 1036 342 Episcopo
1051 261 1111 324 loci
1127 265 1159 326 in

184 371 244 433 quu
258 352 380 414 luerunt
389 353 536 434 baptizati,
551 359 710 416 utconstst
723 370 760 412 ex
771 349 990 412 Constitutione
1001 350 1161 432 Cupientes

130 483 134 490 -
183 440 265 502 Pauli
282 443 330 516 lli,
346 461 426 504 enno
442 447 529 503 rste.
545 441 619 502 Vide
635 439 789 522 Phillipps,
805 437 1073 517 brotteccte'siut„
1089 447 1112 502 1.
1126 443 1158 519 2,

184 549 214 611 p.
231 535 307 606 *26¹3
325 531 443 611 Soglia‚
461 531 560 592 instit.
575 529 642 610 jur.
656 531 751 610 prio..
766 529 784 608 ᾗ
797 533 846 589 st.

225 623 312 682 1910.
337 620 368 681 Si
391 619 562 701 illegitimus
581 627 658 681 esset
678 616 863 680 ordinandus
881 623 932 680 aut
952 617 976 680 si
991 623 1076 699 pater
1090 620 1162 682 nul-

185 707 247 768 lum
270 707 390 770 baberet
404 707 609 784 domicilium,
625 713 677 769 aut
687 705 874 768 domicilium
889 705 1012 768 heberet
1026 707 1163 788 legitimo

186 798 335 878 Episcopo
357 797 548 874 destitutum,
571 797 602 857 in
627 796 673 858 bis
694 795 813 857 casibus
829 793 994 877 Episcopus
1015 795 1162 859 domicilii

187 887 289 946 matris
311 885 469 948 habendus
486 895 563 947 esset
576 891 610 946 nt
624 885 790 965 Episcopus
806 883 941 964 originis.
958 887 1000 946 Ila
1016 885 1164 968 Phillipps

187 973 284 1051 (ibid,
300 993 329 1054 p.
346 975 431 1054 169),
448 975 499 1036 nbi
514 975 615 1056 plnres
630 974 718 1037 refert
732 991 836 1035 secum
856 971 1029 1036 sentientes.

228 1062 331 1134 Quoad
346 1063 505 1143 expositos,
519 1069 552 1124 ut
565 1063 688 1142 originis
701 1061 802 1123 haberi
816 1060 905 1122 debet
919 1062 1088 1143 Episcopus
1103 1062 1164 1126 loci

187 1151 239 1213 ubi
253 1151 329 1212 lacta
342 1149 399 1212 fuit
419 1152 566 1231 expositio
585 1151 759 1232 (Plrillipps,
777 1149 847 1228 ib.);
863 1149 907 1210 rel
927 1149 983 1212 loci
1002 1151 1165 1214 nativitatis

188 1237 212 1300 si
228 1239 346 1304 sciatur..
363 1239 694 1314 -11111111111111111111
710 1237 795 1307 Ordo,
814 1245 869 1299 ert.
886 1241 914 1308 3,
937 1247 969 1299 n‘
983 1241 1033 1301 El.

226 1329 309 1390 lllius
323 1329 404 1405 verb,
419 1329 471 1409 qui
488 1337 574 1391 nulus
593 1337 637 1390 est
651 1328 682 1389 in
700 1328 765 1389 loco
782 1327 919 1398 Nullius,
935 1327 1104 1410 Episcopus
1118 1337 1167 1394 ost

189 1417 240 1498 qui
256 1423 300 1479 est
313 1417 487 1498 proximior.
505 1418 674 1498 (Philipps,
691 1417 745 1488 it..
761 1437 791 1498 p.
808 1419 890 1492 270.)

230 1509 271 1566 Ex
282 1509 501 1568 lureltomano
511 1509 548 1569 ab
558 1507 690 1569 Ecclesia
704 1505 845 1578 admissa,
856 1505 1042 1569 domicilium
1058 1508 1088 1570 in
1099 1528 1165 1590 qun

190 1603 332 1678 paternus
350 1616 422 1658 arus
445 1605 533 1659 natus
555 1604 610 1672 est,
633 1602 730 1678 polest
749 1613 814 1657 esse
828 1595 1014 1656 domicilium
1036 1597 1165 1676 originis

190 1687 327 1765 nepotis,
349 1685 439 1747 modd
461 1686 515 1748 iste
545 1691 707 1766 conceptus
733 1683 836 1746 saltem
864 1681 963 1762 luerit,
987 1703 1041 1746 aro
1063 1687 1164 1750 adbuc

145 1763 152 1774 ’
189 1773 316 1835 virente.
336 1773 456 1836 l'idell.
473 1773 567 1834 Bouix
583 1775 637 1849 (lle
650 1772 787 1848 iudiciis,
804 1779 876 1834 torn.
895 1777 923 1849 l,
938 1792 970 1855 p.
987 1777 1066 1850 208).

232 1867 319 1924 1971.
330 1897 367 1907 -
377 1865 406 1923 2⁰
420 1865 459 1924 Ut
473 1862 638 1942 Episcopus
653 1861 784 1942 legitime
798 1861 928 1942 aliquem
943 1861 1082 1926 ordinare
1096 1883 1164 1945 pos

191 1951 228 2012 sit
241 1951 356 2013 ratione
369 1949 527 2024 domicilii,
540 1951 701 2030 requiritur
715 1957 748 2013 ut
761 1948 962 2028 ordinandus,
978 1949 1047 2012 alibi
1061 1959 1163 2028 natue,

191 2038 379 2102 domicilium
395 2041 436 2100 1111
450 2039 594 2101 stabiliter
608 2041 639 2100 in
653 2039 773 2102 dioecesi
784 2040 849 2118 ejus
863 2039 1001 2122 Episcopi
1014 2043 1161 2116 statuerit,

195 2149 210 2188 u
230 2135 265 2190 ut
277 2127 321 2190 vel
338 2147 389 2210 per
403 2127 584 2190 decennium
599 2128 748 2196 sellemin
763 2131 799 2189 etr
813 2127 991 2206 habitando,
1006 2129 1051 2190 vel
1066 2131 1163 2209 majo-

190 2238 206 2275 11
230 2234 295 2278 rem
310 2235 410 2299 rernm
426 2236 462 2279 ac
483 2217 631 2279 bonorum
649 2235 773 2280 suorum
787 2225 902 2297 perlem
917 2235 987 2280 cum
1011 2217 1163 2282 instructis

191 2327 206 2363 11
230 2305 346 2367 aedibus
369 2307 398 2366 in
421 2306 521 2368 locum
541 2306 710 2384 hujusmodi
726 2305 947 2382 transferendo,
963 2307 1062 2388 ibique
1076 2308 1163 2370 insu·

191 2415 206 2453 1
232 2413 285 2475 per
300 2413 352 2475 per
365 2394 485 2476 aliquod
495 2395 710 2457 considerabile
720 2404 838 2475 ternpus
848 2395 1074 2470 commorando,
1090 2399 1163 2460 selis

191 2503 207 2542 11
232 2501 381 2564 superque
400 2501 488 2546 suum
512 2487 656 2565 perpetuo
677 2483 789 2545 ibidem
810 2484 1005 2564 permanendi
1024 2485 1162 2548 animum

192 2595 207 2632 11
231 2573 504 2635 demonstraverit»
523 2573 816 2654 (quasidomicilium
830 2592 902 2654 ergo
921 2593 981 2635 non
999 2573 1109 2636 sufficit
1122 2575 1161 2636 ed

193 2663 313 2724 ordines
340 2663 448 2724 alicubi
472 2661 691 2743 recipiendosl;
717 2683 735 2722 u.
758 2668 787 2724 et
814 2661 1008 2724 nihilominus
1036 2662 1162 2726 ulterius

193 2771 208 2811 11
233 2759 361 2832 utroque
376 2770 457 2827 casu,
469 2769 500 2812 se
515 2753 583 2813 verb
597 2757 627 2812 ct
640 2752 757 2813 realiter
770 2753 906 2814 animum
920 2751 1092 2831 hujusmodi
1106 2752 1161 2814 ha-

194 2861 207 2900 1
232 2839 303 2902 bere
327 2839 523 2918 jurejurando
551 2839 686 2901 allirmet.
711 2863 726 2900 11
752 2843 793 2902 Ita
821 2841 945 2903 Constit.
976 2843 1079 2903 innoc.
1107 2843 1162 2904 1111

199 2928 285 2990 modo
299 2927 429 3006 citate,§
451 2931 481 2988 5.
501 2927 576 2989 Vide
592 2929 627 2989 Ι).
651 2929 763 3006 Bauli,
783 2929 828 2990 De
847 2929 1007 3012 Episcopo,
1028 2936 1106 2992 tarn.
1120 2933 1158 3008 2,

199 3037 223 3094 p.
243 3021 312 3078 150.

235 3109 322 3166 1911.
337 3103 612 3166 Additnrineadem
627 3105 748 3166 Constit.
763 3103 829 3184 (ἐῢ)
842 3123 850 3166 :
865 3127 881 3165 u
897 3107 927 3169 Si
946 3107 1013 3187 quis
1026 3111 1159 3170 tamena

194 3215 211 3254 a
236 3195 363 3275 propriae
373 3193 498 3272 originis
512 3191 577 3254 loco
593 3193 621 3254 in
637 3199 672 3256 ea
685 3201 769 3255 aelate
781 3193 948 3256 discesserit
960 3201 1020 3274 qua
1030 3197 1158 3276 potuerit

196 3307 210 3343 11
235 3283 322 3344 alicui
354 3281 498 3344 canonico
527 3283 742 3364 impedimento
769 3283 917 3346 obnoxius
944 3283 1040 3360 ellici,
1068 3285 1158 3346 eliam

196 3393 210 3430 11
235 3372 380 3432 ltrdinarii
404 3390 466 3434 suec
492 3372 615 3450 originis
642 3372 853 3434 testimoniales
877 3373 1022 3434 litteras...
1051 3373 1159 3436 afferre

197 3480 211 3520 1
235 3459 371 3534 debebit,
394 3478 429 3521 ec
446 3459 483 3521 de
502 3461 559 3530 illis
572 3479 747 3541 expressa...
767 3462 879 3524 mentio
898 3461 930 3523 in
949 3469 1157 3543 susceptorum

198 3570 211 3606 1
236 3548 375 3612 ordinum
390 3547 492 3610 litteris
506 3547 639 3610 iacienda
653 3557 708 3612 est.
729 3572 744 3610 1
