2528 3996
220 253 277 316 590
443 261 581 312 aaronis
600 258 803 308 corrosionis
823 259 970 306 aaronica.

219 395 274 459 que
293 381 424 436 uotorum
451 367 635 432 solemnitate
654 384 711 428 aon
729 383 812 448 posse
838 362 1015 426 subsistere:
1035 360 1204 443 quiaillud

220 460 397 526 contradicit
413 454 624 536 constitutioni
644 453 778 535 Gregorii
794 454 876 530 xiil,
896 452 927 513 in
948 453 1008 533 qut
1027 449 1204 514 declaratur

220 550 375 614 Societatis
395 550 466 611 lesu
480 544 674 608 Sululostieos
692 562 749 604 esse
770 540 836 603 uari
851 540 1015 622 retipiosos,
1039 547 1071 601 et
1095 548 1201 603 tamen

221 627 329 702 liberos
353 636 465 701 aretis
490 632 598 696 dimitti
629 650 717 715 posse
743 633 760 692 d
788 631 946 694 societate.
973 627 1047 691 Vide
1075 629 1203 712 insuper

221 745 355 810 respons.
372 727 409 790 ad
425 745 488 807 seq.

260 821 350 881 3086.
374 815 467 894 Ohjici
483 814 573 876 etiam
596 807 826 894 possuntrerba
847 807 1015 870 innocentii
1043 807 1107 880 lli,
1133 826 1200 889 rap.

223 909 294 970 cam
314 905 354 966 ud
373 904 582 964 monasterium
600 905 635 978 o,
655 899 690 960 de
710 897 801 960 Statu
821 895 970 972 monaci,
987 895 1040 958 utri
1061 894 1200 960 dicitur:

226 1020 240 1054 u
260 998 321 1056 Nec
335 994 460 1055 aestimet
472 990 570 1051 abbas
580 988 661 1069 quod
672 1006 762 1070 super
773 985 911 1048 habenda
921 985 1123 1066 proprietate.
1137 1005 1202 1067 pos

222 1107 237 1144 o
262 1085 298 1144 sit
311 1099 382 1142 eum
396 1080 497 1160 aliquo
512 1077 660 1140 monacho
677 1077 870 1157 dispensare:
886 1073 958 1155 quia
972 1073 1125 1135 abdicatio
1129 1097 1201 1156 pro
1251 1073 1252 1080 ’

222 1195 236 1230 u
259 1170 414 1252 prietatis,
442 1169 518 1230 sicut
540 1175 568 1228 et
587 1164 715 1227 custodio
739 1163 905 1237 eastitatis,
925 1162 996 1225 odeo
1017 1169 1061 1222 est
1084 1183 1200 1224 annern

223 1286 237 1319 o
262 1260 373 1339 repulia
388 1256 551 1318 monachali
559 1305 566 1330 ,
584 1263 733 1317 utcontra
751 1273 814 1316 eom
829 1271 881 1314 nec
897 1249 933 1314 S.
951 1251 1099 1326 Pontifex
1107 1263 1200 1334 possit

223 1375 237 1410 u
264 1349 413 1410 lr'rentimu
429 1346 604 1408 concedere.
621 1367 635 1403 u
1252 1407 1253 1410 Ἴ

263 1438 318 1499 Sed
335 1435 531 1518 respondetur
544 1434 610 1496 lrsec
623 1433 767 1494 duntaxat
780 1429 950 1512 significare
964 1430 1050 1512 quod
1064 1431 1098 1492 S.
1117 1433 1200 1493 Pon·
1252 1411 1253 1446 r

224 1529 292 1591 tiles
309 1529 338 1588 in
354 1535 431 1588 statu
445 1525 605 1607 praesenti,
621 1539 682 1603 quo
703 1521 868 1582 conditioni
885 1519 1033 1601 rettgtosae
1046 1538 1199 1582 annosum

223 1624 267 1680 est
283 1625 382 1678 retum
410 1633 479 1678 curn
499 1611 694 1694 incapacitate
714 1609 859 1684 dominii,
879 1617 1010 1690 nequeat
1033 1611 1154 1670 ellieere
1170 1619 1199 1672 ut

223 1707 331 1788 aliquis
347 1710 499 1767 remaneat
516 1701 645 1783 perteue
660 1699 817 1780 religiosus
827 1746 835 1772 ,
847 1697 904 1759 nisi
919 1705 1090 1760 mutaretur
1104 1707 1201 1761 actua

224 1798 260 1859 lis
274 1795 404 1858 coactitio
418 1792 644 1874 religiosorum,
670 1787 750 1868 quod
769 1789 850 1850 certe
872 1785 990 1848 efficere
1005 1795 1110 1867 posset
1124 1791 1200 1869 Papo
1253 1785 1254 1822 l

224 1888 247 1948 si
263 1886 370 1960 rellet3
386 1890 416 1944 at
429 1881 486 1942 lroc
502 1900 562 1942 rron
577 1885 654 1940 esset
668 1877 870 1959 dispensatio,
886 1876 939 1938 sed
951 1875 1109 1958 derogatio
1126 1877 1199 1939 iacta

224 1973 340 2054 legibus
356 1989 436 2033 nunc
450 1969 629 2050 sigmatibus.
1254 2000 1255 2030 r

263 2063 353 2122 30ss7.
376 2059 568 2122 Manifestum
588 2053 728 2138 estquod
742 2055 766 2117 si
781 2057 812 2116 S.
829 2053 964 2117 Pontifex
977 2053 1073 2116 valeat
1087 2055 1199 2118 solreru

224 2151 242 2212 ὲ
265 2150 360 2211 tribus
380 2150 455 2210 votis
476 2147 507 2207 in
532 2146 659 2206 solemni
679 2143 866 2206 Proiessione
886 2143 1024 2205 entissis:
1047 2144 1197 2206 itiortiori
1254 2179 1255 2216 2

223 2245 320 2319 potest
348 2238 378 2298 in
402 2253 586 2316 unoquoque
608 2253 644 2296 ex
667 2233 739 2314 ipsis
759 2231 951 2314 dispensare,
973 2231 1018 2293 rei
1038 2249 1076 2294 ex
1099 2243 1197 2314 parte,

222 2328 338 2390 caeteris
358 2323 583 2386 rerrrauentilsus
604 2321 804 2397 solemnibus,
829 2321 853 2382 si
872 2319 1000 2384 essentia
1014 2321 1119 2384 Status
1134 2323 1200 2386 reti·

223 2415 296 2496 gioei
311 2413 410 2476 adhuc
421 2413 576 2488 subsistat,
588 2418 618 2474 et
631 2411 777 2472 solemnia
786 2427 822 2472 ea
831 2427 896 2471 esso
909 2409 980 2472 velit
993 2411 1024 2472 S.
1042 2411 1198 2490 Pontiter;

222 2504 266 2566 rel
281 2523 317 2566 ex
331 2510 413 2580 toto,
429 2501 481 2565 sed
495 2509 568 2563 tuno
582 2518 642 2560 non
658 2499 789 2580 amplius
802 2503 936 2560 remanet
951 2500 1080 2560 euantis
1098 2501 1201 2562 Status

222 2594 351 2674 religiosi
374 2592 493 2674 proprie
516 2589 596 2650 dicti.
619 2591 728 2650 Suarez
745 2595 845 2650 tamen
869 2595 952 2670 putat
969 2588 1122 2650 solemnia
1136 2609 1202 2653 esse

222 2702 309 2765 posse
323 2691 388 2744 rota
402 2698 470 2762 quae
486 2679 585 2740 adlruo
599 2686 760 2758 supersunt
781 2677 805 2738 si
819 2677 890 2738 talia
906 2695 972 2740 esse
986 2677 1056 2739 velit
1069 2679 1104 2739 S.
1123 2681 1204 2740 Pon-

223 2771 290 2834 tifex
304 2772 358 2848 (De
373 2770 470 2848 Relip.
483 2815 490 2844 ‚
505 2773 527 2828 t.
545 2771 574 2836 3,
591 2766 642 2826 lib.
658 2769 696 2841 8,
712 2783 739 2828 o.
760 2769 818 2844 to).
836 2765 912 2828 Vide
926 2765 1006 2848 apud
1021 2766 1141 2846 Bonis,
1158 2769 1204 2830 lle

221 2861 341 2940 Rapui,
356 2867 429 2920 torn.
446 2863 475 2935 2,
491 2876 521 2939 p.
536 2858 683 2918 too-too.

261 2953 333 3010 lure
347 2948 500 3010 communi
512 2944 634 3026 quando
648 2943 678 3004 in
691 2944 782 3004 unius
795 2943 854 3006 voti
869 2943 1057 3006 solemnitate
1070 2942 1203 3028 dispen·

222 3045 313 3111 satur,
329 3043 511 3097 caeteravota
525 3033 670 3096 solemnia
682 3051 747 3094 esse
757 3031 909 3094 desinunt.
922 3031 997 3095 Vide
1010 3029 1090 3094 dicte
1104 3052 1204 3118 supra

222 3125 335 3202 (asoa.)

261 3217 350 3276 3oo8..
366 3217 444 3274 -20
472 3215 533 3274 Nec
557 3213 745 3293 Episcopus,
776 3227 832 3271 neo
855 3209 998 3272 Praelatus
1025 3210 1203 3292 regularis,

220 3302 311 3364 etiam
326 3301 356 3361 in
370 3317 441 3362 essu
456 3301 638 3362 necessitatis
651 3298 702 3361 ubi
717 3297 846 3360 difficilis
857 3307 904 3360 est
917 3298 955 3360 ad
970 3300 1080 3382 Papam
1089 3319 1204 3364 recur-

221 3407 288 3463 suS,
313 3397 439 3471 possunt
461 3389 625 3469 religiosos,
642 3389 731 3450 etiam
747 3405 808 3449 non
832 3396 1006 3469 exemptos,
1023 3391 1204 3452 asotorum

220 3478 403 3540 solemnium
424 3486 454 3540 et
480 3477 672 3559 professionis
699 3475 820 3540 vinculo
841 3477 994 3540 absolvere
1016 3494 1024 3538 :
1048 3479 1130 3539 ratio
1157 3487 1205 3541 est

220 3566 291 3648 quie
304 3567 381 3630 hanc
395 3575 569 3648 potestatam
585 3565 672 3628 hodie
681 3566 808 3628 omnino
822 3566 879 3628 sibi
893 3565 1052 3628 reservarit
1065 3567 1097 3627 S.
1120 3569 1205 3630 Pon·

220 3652 309 3734 titex3
328 3665 358 3718 et
379 3656 503 3740 quidem
525 3654 617 3716 modo
640 3657 737 3734 magis
756 3654 875 3736 speciali
898 3657 999 3736 qoam,
1013 3661 1204 3737 potestatem
