2486 3984
204 199 264 265 ru
423 212 563 262 uererer
582 213 685 262 rorres
703 212 786 260 rems
805 210 965 264 ceremon·

205 324 404 404 appeteretur,
427 317 480 380 sed
500 315 831 402 proptercupiditatem
845 323 874 378 et
883 315 1092 378 ambitionem.
1105 315 1176 381 Vide

205 413 237 475 S.
252 410 411 485 Thomam,
423 405 509 479 idid,
526 405 667 488 respond.
681 404 719 468 ad
734 410 797 466 1⁰¹³.

246 503 335 562 lito.
358 501 402 560 Ex
416 495 464 559 hls
478 495 631 558 concludit
644 497 680 556 D.
697 494 793 556 Bouix
811 491 910 572 (itia,
930 513 961 576 p.
982 493 1077 574 ain:
1094 495 1174 566 oQui

205 611 221 651 n
245 589 459 671 Episcopatum
473 585 514 648 ita
527 586 659 667 appetit,
674 593 708 646 ut
721 601 793 646 eum
807 583 862 644 sibi
878 582 1027 665 postulet,
1043 583 1069 644 is
1084 585 1100 644 a
1115 602 1177 664 pce

205 701 221 738 n
246 685 312 741 cato
327 675 444 740 mortali
459 672 648 737 excusandus
662 691 724 734 non
738 671 865 734 videtur:
880 673 908 734 si
922 673 987 734 uerd
1004 671 1115 753 clipeis
1126 693 1177 755 pm

206 789 221 826 c
245 787 274 828 se
288 773 390 848 repet,
408 765 448 827 ait
458 765 489 826 S.
501 763 651 838 Thomas,
666 761 783 843 exipsa
797 761 1033 842 presumptione
1046 761 1177 824 redditur

205 877 222 914 a
247 855 400 937 indignus.
412 875 427 914 u
441 851 543 931 (leid,
558 850 597 914 ad
609 853 653 930 3.)
663 885 702 896 —
712 851 864 912 Consonat
873 851 905 912 S.
919 849 1092 912 Bernard...
1107 851 1177 914 Vide

207 943 287 1026 apud
302 945 397 1006 Bouix
413 941 521 1022 (illd).

247 1033 346 1095 Series
371 1032 606 1114 Episcopatuum
628 1029 760 1092 universi
788 1029 870 1092 orbis
891 1024 951 1106 legi
977 1034 1076 1110 potest
1101 1029 1177 1112 apud

207 1123 351 1199 Ferraris,
366 1129 397 1183 νο
412 1121 627 1203 Episcopatus,
644 1117 685 1180 nn
697 1119 955 1196 l2·130,etetiam
971 1119 1003 1180 in
1017 1117 1099 1182 calce
1112 1137 1177 1201 epe·

208 1209 249 1272 ris
264 1210 358 1274 istius.

580 1477 727 1546 CAPUT
751 1479 799 1545 ΙΙ.

260 1643 303 1695 DE
325 1641 503 1703 euodisius
526 1639 568 1691 ln
591 1638 818 1690 uaearrlouau
841 1637 904 1690 VEL
926 1637 1127 1688 Exadcltlult

612 1737 773 1788 exardeat.

250 1891 337 1951 llll.
361 1885 552 1948 Conditiones
573 1885 610 1948 ed
627 1885 830 1968 receptionem
843 1884 889 1948 vel
903 1883 1082 1948 exercitium
1101 1891 1175 1948 erd-

210 1995 284 2040 uum
298 1974 449 2057 requisitae
470 1974 536 2036 oliae
549 1981 618 2036 sunt
631 1976 790 2056 repetire,
808 1975 873 2036 aliae
880 1975 1038 2057 positive:

249 2065 405 2148 Nepetiuoe
418 2069 489 2126 sunt
502 2065 709 2146 exemptiones
722 2064 760 2126 ab
774 2064 810 2124 iis
827 2081 896 2145 quae
914 2063 1119 2144 receptionem
1134 2065 1175 2128 rel

209 2155 384 2218 exercitium
394 2152 534 2216 ordinum
544 2152 838 2234 impedirent‚prout
847 2152 1174 2235 immunitasdpeecato

209 2244 348 2322 mortali,
362 2242 409 2304 vel
418 2245 436 2304 a
445 2243 580 2306 censuris
589 2241 913 2323 autirregularitatihus
922 2247 974 2303 aut
983 2241 1050 2304 aliis
1064 2243 1176 2326 incapa-

209 2332 357 2396 sitatibus.

81 2424 84 2432 “
249 2421 391 2484 Positivae
403 2419 474 2484 vero
494 2425 563 2484 sunt
581 2439 624 2484 eae
644 2439 712 2504 quae
731 2423 925 2506 requiruntur
938 2421 976 2484 ed
989 2421 1115 2504 dignam
1131 2441 1173 2486 re

217 2511 384 2595 ceptionem
396 2510 442 2572 rel
456 2509 584 2592 dignum
598 2512 773 2574 exercitium
787 2509 939 2574 ordinum.

633 2695 714 2758 ΛΒΤ.
739 2697 760 2758 1.

463 2846 501 2893 oe
522 2841 743 2892 cenerrroureus
764 2843 927 2894 usuarius.

251 3000 381 3060 lm.-
391 3000 422 3058 lt
433 2996 517 3060 Circa
530 2997 753 3060 immunitatem
765 2999 780 3060 a
796 3004 918 3079 peceato
932 2999 1064 3078 mortali,
1079 3017 1170 3063 cccm-

207 3107 224 3148 »
250 3085 381 3149 munitor
398 3091 501 3148 tenent
513 3085 661 3168 theologi,
677 3087 773 3170 inquit
787 3089 931 3169 Lequeux
946 3088 1093 3174 (110533)ι
1109 3107 1173 3153 eum

208 3196 223 3234 n
249 3191 374 3258 peccare
387 3173 549 3242 mortaliter
559 3175 610 3256 qui
625 3194 694 3237 eum
708 3177 820 3258 peceati
831 3177 964 3241 mortalis
976 3182 1171 3251 conscientia,

208 3285 223 3322 n
249 3263 287 3326 ad
309 3261 429 3324 ordines
446 3262 570 3326 accedit.
585 3263 660 3325 Vide
679 3283 768 3346 supra
784 3265 895 3344 (1688).
911 3265 1004 3348 quue
1018 3269 1120 3350 plures
1135 3267 1169 3328 ri-

208 3374 223 3410 n
249 3352 358 3415 dentur
371 3351 408 3414 ad
421 3361 575 3414 tonsuram
590 3353 767 3430 extendere,
782 3355 852 3437 quia
864 3355 933 3418 licet
945 3355 1129 3438 probabilius
1141 3355 1172 3416 sit

209 3463 223 3501 u
249 3461 316 3504 eam
330 3459 395 3504 esse
408 3442 619 3504 ceremoniam
634 3442 672 3504 ab
686 3443 817 3506 Ecclesia
828 3445 989 3508 institutam
1000 3492 1008 3522 ,
1019 3455 1065 3510 est
1078 3453 1171 3509 minen

209 3551 224 3590 r
249 3531 391 3594 solemnis
404 3531 549 3613 professio
562 3531 628 3594 vitae
638 3533 699 3593 Deo
710 3535 902 3614 mancipatae,
914 3533 1008 3615 litque
1021 3535 1171 3617 pertatem

209 3639 224 3676 r
250 3620 451 3704 receptionem
465 3620 575 3698 injuria
587 3619 685 3682 ordini
699 3620 839 3684 clericali.
855 3623 897 3684 lta
911 3623 1034 3702 Hallier,
1050 3625 1169 3686 Hubert.
