2528 3996
200 249 258 312 556
422 263 561 310 ursulus
581 261 682 308 ronus
700 259 783 306 rums
804 257 950 304 cluourcr.
1237 315 1238 326 ἵ

198 361 295 424 mittat
309 365 343 422 ut
355 360 521 442 Episcopus
536 359 589 420 loci
606 358 637 418 in
658 355 789 438 quesita
808 360 853 416 est
867 353 978 416 domus
995 350 1196 435 principalis
1237 415 1238 418 ,

198 449 237 510 sit
250 450 392 530 Superior
407 448 566 530 generalis,
577 453 628 509 aut
642 447 736 527 possit
753 445 817 525 ipse
830 443 1013 506 constituere
1028 441 1194 522 Superio·
1237 443 1238 502 l

200 555 264 599 rem
279 539 451 619 generalem
461 555 516 620 pro
526 536 707 600 dioecesibus
716 533 883 596 extraneis:
899 531 958 594 hoc
966 530 1140 594 deducitur
1150 551 1193 592 ex
1237 561 1238 622 ἐ

201 624 297 688 liltert
311 629 342 690 S.
358 629 468 706 Congr.
484 630 524 689 30
538 625 669 706 januarii
690 627 763 686 1861
783 642 790 684 :
811 621 855 684 sic
876 628 978 684 autem
995 620 1135 684 habetur
1157 623 1193 683 in
1237 625 1238 698 ξ

201 717 400 778 Instructionc
414 715 521 777 ibidem
534 715 646 777 relatu:
666 713 769 776 uCirm
784 713 816 774 S.
832 711 925 774 Sedes
936 729 996 774 non
1011 711 1113 774 soleat
1129 731 1195 793 pro

202 825 218 862 r
241 805 386 867 Institutis
399 823 467 887 quae
482 806 512 864 in
526 805 616 867 variis
636 801 816 864 dioeccsibus
835 799 944 863 diffuse
957 807 1047 875 sunt,
1062 819 1193 864 conce·

85 891 86 896 ’
203 915 218 952 u
243 893 315 955 dere
337 899 368 954 et
389 893 556 975 approbare
573 900 607 956 ut
624 892 731 974 aliquis
744 892 912 973 Episcopus
929 889 1037 952 hebeat
1063 909 1194 952 munus
1237 901 1238 972 j

204 1004 219 1042 u
244 982 413 1062 Superioris
432 982 598 1064 generalis,
624 980 824 1063 expungenda
842 985 914 1042 sunt
936 981 967 1041 in
990 981 1194 1042 constitutio·
1237 1025 1238 1058 p

205 1093 219 1130 u
245 1071 335 1132 nibus
349 1071 594 1151 quaercleruntur
604 1069 642 1132 ad
656 1071 909 1152 EpiscopumN...
925 1069 967 1130 uti
982 1069 1192 1152 Superiorem

206 1159 422 1222 »Generalem
436 1167 466 1221 ct
478 1159 516 1221 od
534 1161 600 1238 ejus
614 1159 791 1240 Delegotum
805 1157 1024 1221 Geronton.»
1237 1161 1238 1232 l

247 1253 334 1313 2980.
358 1251 506 1312 Gaeterirm
529 1249 622 1312 Sedes
646 1248 837 1330 Apostolieo,
867 1247 915 1310 his
937 1247 1193 1313 modernioribus

208 1339 404 1421 temporibus
419 1357 468 1402 res
482 1338 572 1402 modo
582 1339 817 1400 convenientiori
832 1339 936 1401 unitati
949 1339 1141 1419 composuit,
1158 1347 1194 1402 ut
1237 1341 1238 1408 ζ

208 1428 306 1491 uidere
314 1429 445 1511 estupud
453 1429 557 1508 llouix)
569 1429 611 1490 Dc
621 1427 741 1508 Requi„
751 1434 824 1490 tom.
834 1432 862 1497 2,
872 1447 904 1509 p.
916 1429 1068 1505 aur-394),
1080 1428 1191 1508 quood
1237 1415 1238 1498 l

210 1520 383 1581 [nstitutum
401 1518 602 1581 Immaculoloe
626 1516 825 1598 Conceptiouis
840 1515 922 1598 quod
939 1516 1113 1597 subjectum
1136 1517 1192 1580 luit
1237 1555 1238 1608 i

125 1655 133 1669 .
211 1611 242 1670 S.
259 1607 487 1690 Congregationi
504 1608 546 1669 lle
561 1605 751 1688 Propcpondd
762 1625 816 1688 pro
830 1605 977 1687 regimine
987 1605 1147 1676 Generali,
1162 1615 1191 1668 et

213 1698 347 1760 relictum
363 1697 418 1759 sub
433 1704 576 1778 potestate
590 1695 814 1758 ordinariorum
825 1714 881 1776 pro
890 1695 1038 1775 regimine
1048 1696 1189 1776 priuatu;

212 1793 242 1848 ct
254 1787 354 1867 quoad
363 1787 533 1847 lnstitutum
547 1787 691 1847 Sororum
705 1785 814 1846 tBouo
829 1783 956 1853 Pastore,
972 1784 1062 1862 cuius
1072 1787 1190 1866 princi-

215 1873 1191 1958 polisdomuslndegeuisitaestetincujusoonstitutionibusap-

213 1963 395 2046 probrrtissic
408 1964 535 2044 legitur:
551 1985 566 2023 u
576 1963 656 2026 Cette
667 1963 885 2044 Congregotion
894 1981 958 2024 sera
969 1963 1110 2042 toujours
1117 1983 1189 2026 sou-

213 2075 228 2112 u
255 2053 328 2114 mise
342 2055 359 2114 lu
373 2052 400 2113 lo
416 2053 621 2132 promotiome
635 2051 663 2113 lo
675 2053 842 2114 correction
851 2057 881 2114 et
894 2069 934 2114 ou
947 2061 1191 2132 gouvernement

214 2165 229 2200 u
253 2141 325 2201 d'uu
340 2140 393 2200 des
408 2140 576 2203 Cardiuoux
590 2140 629 2202 de
652 2141 679 2202 lu
701 2141 803 2204 Sainte
820 2127 919 2222 Sglim
942 2141 1132 2204 llomaine...
1147 2164 1156 2218 ;
1172 2143 1190 2204 il
1237 2147 1238 2242 l

130 2269 131 2274 κ
214 2253 229 2289 u
255 2247 328 2290 oure
341 2227 420 2288 droit
428 2229 466 2288 de
474 2228 557 2290 visite
567 2235 597 2290 et
606 2229 781 2310 presidencc
790 2231 955 2312 portoutoir
970 2230 988 2292 il
999 2248 1032 2291 sc
1046 2238 1190 2295 trourem
1237 2247 1238 2300 l

214 2340 229 2376 u
255 2335 292 2380 cn
308 2335 471 2399 personne,
488 2325 515 2380 el
527 2320 633 2400 jugeru
647 2337 684 2380 en
701 2319 822 2382 dernier
835 2326 945 2384 ressort
961 2319 999 2382 de
1022 2326 1126 2384 toules
1150 2323 1191 2384 les

214 2429 230 2467 u
255 2406 411 2470 dillicultds
425 2426 464 2470 ou
478 2426 583 2470 causes
596 2416 781 2470 concernant
794 2409 821 2471 lu
837 2409 1072 2491 'Congrdgution
1088 2434 1103 2469 u
1237 2399 1238 2462 l

255 2501 343 2560 2981.
367 2497 452 2559 Veris
471 2505 572 2558 aulem
594 2497 751 2579 principiis
774 2499 851 2578 juris
878 2499 1016 2562 canonici
1048 2501 1192 2582 apprime

217 2593 376 2660 consonet,
393 2587 423 2648 in
447 2593 559 2668 puncto
573 2587 727 2668 presenti,
743 2585 886 2668 legislatio
900 2597 1022 2665 nostra;
1045 2595 1091 2652 sic
1104 2595 1192 2652 errim

217 2678 324 2759 legitur
338 2677 369 2738 in
383 2677 580 2738 instructione
593 2675 776 2738 Ministcrisli
792 2695 846 2758 pro
863 2677 930 2760 lege
948 2683 987 2740 24
1004 2679 1075 2740 maii
1092 2685 1191 2758 1825,

217 2776 272 2829 art.
288 2773 324 2830 8:
345 2767 415 2827 «Lo
429 2767 610 2848 Superieure
620 2765 764 2828 Generale
774 2766 865 2830 d'une
879 2767 1100 2850 Congregution
1113 2789 1192 2832 con-

218 2879 233 2914 »
258 2875 340 2917 serve
354 2873 414 2917 unc
428 2856 526 2916 action
548 2854 720 2916 immediate
739 2873 791 2918 sur
810 2861 878 2919 tous
899 2856 942 2919 lcs
963 2857 1056 2937 sujets
1075 2859 1130 2940 qui
1153 2879 1191 2920 on

218 2967 233 3002 u
257 2943 439 3024 dependent.
455 2944 518 3004 Elle
530 2962 547 3005 a
561 2943 589 3006 lc
602 2943 682 3006 droit
693 2944 732 3006 de
746 2943 789 3007 les
801 2945 902 3028 placer
921 2952 952 3008 et
968 2945 1128 3028 deplacer,
1154 2949 1191 3012 dc

219 3055 233 3092 u
259 3033 301 3093 les
314 3032 474 3094 transldrcr
486 3033 559 3095 d'un
573 3033 795 3096 e'toblissemenl
807 3034 884 3097 drms
897 3053 939 3098 un
954 3045 1056 3114 autre;
1071 3037 1112 3102 de
1126 3059 1190 3100 sur·
1237 3021 1238 3096 l

220 3145 233 3179 u
258 3121 359 3183 reillcr
374 3121 400 3182 le
415 3121 528 3202 regimo
543 3123 685 3186 interieur
698 3122 736 3185 de
750 3123 1019 3188 l’udminislralion.
1037 3127 1113 3190 lllais
1123 3130 1191 3190 clm·
1237 3117 1238 3194 l

219 3235 234 3271 u
259 3231 313 3294 quc
327 3209 540 3272 c'toblisscmcnt
552 3213 617 3272 n'eu
630 3213 760 3298 demeum
766 3231 820 3296 pus
833 3214 926 3276 moins
938 3216 1045 3276 soumis
1058 3215 1132 3280 dens
1149 3219 1188 3280 les
1237 3213 1238 3216 '

220 3323 234 3360 u
259 3300 351 3362 closer
364 3300 575 3381 spirituellesd
592 3301 734 3385 l’d'uiquc
749 3301 904 3366 dioce'soin.
921 3304 1002 3368 Cette
1016 3309 1188 3371 reconunis

221 3413 234 3448 u
259 3407 349 3451 sunce
362 3389 400 3450 de
414 3389 560 3452 l’autorite'
573 3391 736 3471 spirituellc
749 3391 803 3454 des
821 3391 1011 3470 ominaeos,
1034 3395 1099 3458 doit
1121 3403 1187 3460 tou·

222 3499 235 3534 u
257 3478 340 3555 jours
357 3482 420 3540 etrc
443 3478 601 3558 exprimee-
616 3479 691 3542 dans
717 3480 760 3543 les
781 3483 933 3546 Statum.»
960 3483 1035 3547 Vide
1064 3483 1188 3572 insuper

223 3565 254 3626 P.
273 3567 437 3646 detrudet,
450 3573 524 3630 tom.
539 3571 569 3646 2,
585 3587 615 3649 p.
629 3571 704 3645 138,
718 3575 776 3634 eto.
801 3624 804 3634 ,
