<?xml version="1.0" encoding="UTF-8"?>
<!DOCTYPE html PUBLIC "-//W3C//DTD XHTML 1.0 Transitional//EN"
    "http://www.w3.org/TR/xhtml1/DTD/xhtml1-transitional.dtd">
<html xmlns="http://www.w3.org/1999/xhtml" xml:lang="en" lang="en">
 <head>
  <title>
</title>
<meta http-equiv="Content-Type" content="text/html;charset=utf-8" />
  <meta name='ocr-system' content='tesseract 3.04.00' />
  <meta name='ocr-capabilities' content='ocr_page ocr_carea ocr_par ocr_line ocrx_word'/>
</head>
<body>
  <div class='ocr_page' id='page_1' title='image "./manualetotiusju01craigoog_0669.png"; bbox 0 0 2550 3992; ppageno 0'>
   <div class='ocr_carea' id='block_1_1' title="bbox 184 205 934 272">
    <p class='ocr_par' dir='ltr' id='par_1_1' title="bbox 184 205 934 272">
     <span class='ocr_line' id='line_1_1' title="bbox 184 205 934 272; baseline -0.008 -1"><span class='ocrx_word' id='word_1_1' title='bbox 184 205 239 271; x_wconf 76' lang='lat' dir='ltr'><strong>san</strong></span> <span class='ocrx_word' id='word_1_2' title='bbox 396 223 534 271; x_wconf 79' lang='lat' dir='ltr'><strong>niuniu:</strong></span> <span class='ocrx_word' id='word_1_3' title='bbox 554 225 663 272; x_wconf 83' lang='lat' dir='ltr'><strong>rorius</strong></span> <span class='ocrx_word' id='word_1_4' title='bbox 684 222 764 270; x_wconf 80' lang='lat' dir='ltr'><strong>runis</strong></span> <span class='ocrx_word' id='word_1_5' title='bbox 784 221 934 270; x_wconf 77' lang='lat' dir='ltr'><strong>canonici.</strong></span> 
     </span>
    </p>
   </div>
   <div class='ocr_carea' id='block_1_2' title="bbox 130 336 1166 860">
    <p class='ocr_par' dir='ltr' id='par_1_2' title="bbox 130 336 1166 860">
     <span class='ocr_line' id='line_1_2' title="bbox 182 336 1166 422; baseline -0.004 -18"><span class='ocrx_word' id='word_1_6' title='bbox 182 351 264 405; x_wconf 89' lang='lat' dir='ltr'><strong>tenet</strong></span> <span class='ocrx_word' id='word_1_7' title='bbox 286 341 319 405; x_wconf 87' lang='lat' dir='ltr'><strong>S.</strong></span> <span class='ocrx_word' id='word_1_8' title='bbox 343 340 530 422; x_wconf 78' lang='lat' dir='ltr'><strong>Lignorius,</strong></span> <span class='ocrx_word' id='word_1_9' title='bbox 558 342 710 404; x_wconf 86' lang='lat' dir='ltr'><strong>diaconus</strong></span> <span class='ocrx_word' id='word_1_10' title='bbox 752 359 816 402; x_wconf 91' lang='lat' dir='ltr'><strong>non</strong></span> <span class='ocrx_word' id='word_1_11' title='bbox 853 347 953 419; x_wconf 84' lang='lat' dir='ltr'><strong>potest</strong></span> <span class='ocrx_word' id='word_1_12' title='bbox 981 336 1166 401; x_wconf 65' lang='lat' dir='ltr'><strong>selemniter</strong></span> 
     </span>
     <span class='ocr_line' id='line_1_3' title="bbox 181 427 1163 512; baseline -0.002 -18"><span class='ocrx_word' id='word_1_13' title='bbox 181 431 339 510; x_wconf 85' lang='lat' dir='ltr'><strong>baptizare</strong></span> <span class='ocrx_word' id='word_1_14' title='bbox 370 431 440 496; x_wconf 80' lang='lat' dir='ltr'><strong>atuh</strong></span> <span class='ocrx_word' id='word_1_15' title='bbox 476 433 699 495; x_wconf 81' lang='lat' dir='ltr'><strong>commissione</strong></span> <span class='ocrx_word' id='word_1_16' title='bbox 731 429 874 512; x_wconf 74' lang='lat' dir='ltr'>Episcopi</span> <span class='ocrx_word' id='word_1_17' title='bbox 907 427 955 491; x_wconf 86' lang='lat' dir='ltr'><strong>vet</strong></span> <span class='ocrx_word' id='word_1_18' title='bbox 1003 429 1163 510; x_wconf 77' lang='lat' dir='ltr'><strong>parochi:</strong></span> 
     </span>
     <span class='ocr_line' id='line_1_4' title="bbox 182 517 1164 604; baseline -0.005 -21"><span class='ocrx_word' id='word_1_19' title='bbox 182 523 341 602; x_wconf 82' lang='lat' dir='ltr'><strong>quamvis,</strong></span> <span class='ocrx_word' id='word_1_20' title='bbox 369 523 395 584; x_wconf 86' lang='lat' dir='ltr'><strong>si</strong></span> <span class='ocrx_word' id='word_1_21' title='bbox 411 522 501 586; x_wconf 87' lang='lat' dir='ltr'><strong>sechs</strong></span> <span class='ocrx_word' id='word_1_22' title='bbox 525 521 707 604; x_wconf 85' lang='lat' dir='ltr'><strong>baptizaret.</strong></span> <span class='ocrx_word' id='word_1_23' title='bbox 736 539 798 581; x_wconf 91' lang='lat' dir='ltr'><strong>non</strong></span> <span class='ocrx_word' id='word_1_24' title='bbox 837 521 878 580; x_wconf 87' lang='lat' dir='ltr'><strong>ita</strong></span> <span class='ocrx_word' id='word_1_25' title='bbox 904 517 989 581; x_wconf 81' lang='lat' dir='ltr'><strong>reith</strong></span> <span class='ocrx_word' id='word_1_26' title='bbox 1011 520 1164 580; x_wconf 75' lang='lat' dir='ltr'><strong>everteret</strong></span> 
     </span>
     <span class='ocr_line' id='line_1_5' title="bbox 130 604 1162 692; baseline -0.01 -17"><span class='ocrx_word' id='word_1_27' title='bbox 130 605 132 608; x_wconf 39' lang='lat'>¹</span> <span class='ocrx_word' id='word_1_28' title='bbox 185 610 537 692; x_wconf 79' lang='lat' dir='ltr'><strong>ii·regutaris,juxtaca</strong></span> <span class='ocrx_word' id='word_1_29' title='bbox 561 627 633 690; x_wconf 80' lang='lat' dir='ltr'><strong>quae</strong></span> <span class='ocrx_word' id='word_1_30' title='bbox 664 607 1022 690; x_wconf 71' lang='lat' dir='ltr'><strong>diximus(tn01),nisi</strong></span> <span class='ocrx_word' id='word_1_31' title='bbox 1056 604 1162 667; x_wconf 77' lang='lat' dir='ltr'><strong>forsan</strong></span> 
     </span>
     <span class='ocr_line' id='line_1_6' title="bbox 185 696 1162 770; baseline -0.009 -8"><span class='ocrx_word' id='word_1_32' title='bbox 185 700 305 762; x_wconf 66' lang='lat' dir='ltr'><strong>astes-in</strong></span> <span class='ocrx_word' id='word_1_33' title='bbox 339 703 504 770; x_wconf 75' lang='lat' dir='ltr'><strong><em>temeritas,</em></strong></span> <span class='ocrx_word' id='word_1_34' title='bbox 548 709 582 761; x_wconf 88' lang='lat' dir='ltr'><strong>ut</strong></span> <span class='ocrx_word' id='word_1_35' title='bbox 619 696 729 761; x_wconf 69' lang='lat' dir='ltr'><strong>sotum</strong></span> <span class='ocrx_word' id='word_1_36' title='bbox 755 699 967 759; x_wconf 86' lang='lat' dir='ltr'><strong>communiter</strong></span> <span class='ocrx_word' id='word_1_37' title='bbox 1004 705 1162 760; x_wconf 77' lang='lat' dir='ltr'><strong>auctores,</strong></span> 
     </span>
     <span class='ocr_line' id='line_1_7' title="bbox 181 773 1161 860; baseline 0 -21"><span class='ocrx_word' id='word_1_38' title='bbox 181 795 218 842; x_wconf 87' lang='lat' dir='ltr'><strong>ex</strong></span> <span class='ocrx_word' id='word_1_39' title='bbox 232 795 299 860; x_wconf 86' lang='lat' dir='ltr'><strong>cap.</strong></span> <span class='ocrx_word' id='word_1_40' title='bbox 316 775 356 840; x_wconf 86' lang='lat' dir='ltr'><strong>Si</strong></span> <span class='ocrx_word' id='word_1_41' title='bbox 367 777 451 860; x_wconf 79' lang='lat' dir='ltr'><strong>quia,</strong></span> <span class='ocrx_word' id='word_1_42' title='bbox 466 774 502 838; x_wconf 83' lang='lat' dir='ltr'><strong>de</strong></span> <span class='ocrx_word' id='word_1_43' title='bbox 515 773 596 840; x_wconf 82' lang='lat' dir='ltr'><strong>Cter.</strong></span> <span class='ocrx_word' id='word_1_44' title='bbox 610 793 667 836; x_wconf 87' lang='lat' dir='ltr'><strong>non</strong></span> <span class='ocrx_word' id='word_1_45' title='bbox 676 773 773 838; x_wconf 71' lang='lat' dir='ltr'><strong>ordin.</strong></span> <span class='ocrx_word' id='word_1_46' title='bbox 786 773 1161 840; x_wconf 80' lang='lat' dir='ltr'><strong>ministr.:uotcexcusat</strong></span> 
     </span>
    </p>
   </div>
   <div class='ocr_carea' id='block_1_3' title="bbox 182 862 1163 1838">
    <p class='ocr_par' dir='ltr' id='par_1_3' title="bbox 182 862 1163 1283">
     <span class='ocr_line' id='line_1_8' title="bbox 182 862 1163 948; baseline 0 -20"><span class='ocrx_word' id='word_1_47' title='bbox 182 865 351 948; x_wconf 70' lang='lat' dir='ltr'><strong>ignorantia</strong></span> <span class='ocrx_word' id='word_1_48' title='bbox 365 866 455 928; x_wconf 90' lang='lat' dir='ltr'><strong>etiam</strong></span> <span class='ocrx_word' id='word_1_49' title='bbox 468 882 578 927; x_wconf 86' lang='lat' dir='ltr'><strong>crassa.</strong></span> <span class='ocrx_word' id='word_1_50' title='bbox 594 898 634 912; x_wconf 92' lang='lat'>—</span> <span class='ocrx_word' id='word_1_51' title='bbox 648 863 728 926; x_wconf 87' lang='lat' dir='ltr'><strong>Noto</strong></span> <span class='ocrx_word' id='word_1_52' title='bbox 745 862 828 945; x_wconf 85' lang='lat' dir='ltr'><strong>qubd</strong></span> <span class='ocrx_word' id='word_1_53' title='bbox 850 881 887 926; x_wconf 84' lang='lat' dir='ltr'><strong>ex</strong></span> <span class='ocrx_word' id='word_1_54' title='bbox 909 863 972 926; x_wconf 87' lang='lat' dir='ltr'><strong>soto</strong></span> <span class='ocrx_word' id='word_1_55' title='bbox 994 883 1052 928; x_wconf 89' lang='lat' dir='ltr'><strong>suo</strong></span> <span class='ocrx_word' id='word_1_56' title='bbox 1065 864 1163 928; x_wconf 85' lang='lat' dir='ltr'><strong>bene·</strong></span> 
     </span>
     <span class='ocr_line' id='line_1_9' title="bbox 183 951 1162 1038; baseline 0.002 -22"><span class='ocrx_word' id='word_1_57' title='bbox 183 956 303 1038; x_wconf 85' lang='lat' dir='ltr'><strong>placito,</strong></span> <span class='ocrx_word' id='word_1_58' title='bbox 314 961 366 1018; x_wconf 88' lang='lat' dir='ltr'><strong>ant</strong></span> <span class='ocrx_word' id='word_1_59' title='bbox 378 954 416 1016; x_wconf 91' lang='lat' dir='ltr'><strong>ad</strong></span> <span class='ocrx_word' id='word_1_60' title='bbox 428 954 515 1015; x_wconf 88' lang='lat' dir='ltr'><strong>alicui</strong></span> <span class='ocrx_word' id='word_1_61' title='bbox 530 951 648 1015; x_wconf 76' lang='lat' dir='ltr'><strong>familiae</strong></span> <span class='ocrx_word' id='word_1_62' title='bbox 661 952 924 1034; x_wconf 80' lang='lat' dir='ltr'><strong>complacendum,</strong></span> <span class='ocrx_word' id='word_1_63' title='bbox 934 955 1088 1035; x_wconf 82' lang='lat' dir='ltr'><strong>Episcopo</strong></span> <span class='ocrx_word' id='word_1_64' title='bbox 1097 973 1162 1019; x_wconf 88' lang='lat' dir='ltr'><strong>uon</strong></span> 
     </span>
     <span class='ocr_line' id='line_1_10' title="bbox 183 1041 1162 1122; baseline 0.002 -18"><span class='ocrx_word' id='word_1_65' title='bbox 183 1045 271 1106; x_wconf 89' lang='lat' dir='ltr'><strong>liceat</strong></span> <span class='ocrx_word' id='word_1_66' title='bbox 292 1044 454 1105; x_wconf 91' lang='lat' dir='ltr'><strong>diaconum</strong></span> <span class='ocrx_word' id='word_1_67' title='bbox 478 1041 623 1122; x_wconf 89' lang='lat' dir='ltr'><strong>deputare</strong></span> <span class='ocrx_word' id='word_1_68' title='bbox 638 1041 675 1104; x_wconf 90' lang='lat' dir='ltr'><strong>ad</strong></span> <span class='ocrx_word' id='word_1_69' title='bbox 690 1041 920 1122; x_wconf 85' lang='lat' dir='ltr'><strong>baptizandum,</strong></span> <span class='ocrx_word' id='word_1_70' title='bbox 934 1041 988 1103; x_wconf 86' lang='lat' dir='ltr'><strong>sed</strong></span> <span class='ocrx_word' id='word_1_71' title='bbox 1009 1044 1113 1105; x_wconf 74' lang='lat' dir='ltr'><strong>sotium</strong></span> <span class='ocrx_word' id='word_1_72' title='bbox 1126 1044 1162 1106; x_wconf 80' lang='lat' dir='ltr'><strong>ot</strong></span> 
     </span>
     <span class='ocr_line' id='line_1_11' title="bbox 183 1130 1162 1213; baseline 0.003 -21"><span class='ocrx_word' id='word_1_73' title='bbox 183 1152 318 1213; x_wconf 71' lang='lat' dir='ltr'><strong>mappam</strong></span> <span class='ocrx_word' id='word_1_74' title='bbox 348 1131 490 1195; x_wconf 68' lang='lat' dir='ltr'><strong>Ecclesiae</strong></span> <span class='ocrx_word' id='word_1_75' title='bbox 513 1132 690 1193; x_wconf 78' lang='lat' dir='ltr'><strong>utilitatem.</strong></span> <span class='ocrx_word' id='word_1_76' title='bbox 711 1130 786 1192; x_wconf 83' lang='lat' dir='ltr'>Vide</span> <span class='ocrx_word' id='word_1_77' title='bbox 815 1132 846 1192; x_wconf 87' lang='lat' dir='ltr'><strong>S.</strong></span> <span class='ocrx_word' id='word_1_78' title='bbox 870 1131 1008 1212; x_wconf 70' lang='lat' dir='ltr'><strong>Lignea,</strong></span> <span class='ocrx_word' id='word_1_79' title='bbox 1031 1132 1088 1194; x_wconf 86' lang='lat' dir='ltr'><strong>tib.</strong></span> <span class='ocrx_word' id='word_1_80' title='bbox 1119 1137 1162 1212; x_wconf 82' lang='grc'><strong>6,</strong></span> 
     </span>
     <span class='ocr_line' id='line_1_12' title="bbox 183 1226 301 1283; baseline 0.008 -1"><span class='ocrx_word' id='word_1_81' title='bbox 183 1231 218 1282; x_wconf 87' lang='lat' dir='ltr'><strong>u·</strong></span> <span class='ocrx_word' id='word_1_82' title='bbox 233 1226 301 1283; x_wconf 81' lang='lat' dir='ltr'><strong>rto.</strong></span> 
     </span>
    </p>

    <p class='ocr_par' dir='ltr' id='par_1_4' title="bbox 186 1307 1162 1482">
     <span class='ocr_line' id='line_1_13' title="bbox 223 1307 1162 1390; baseline 0.001 -17"><span class='ocrx_word' id='word_1_83' title='bbox 223 1314 311 1374; x_wconf 73' lang='lat'><strong>3281.</strong></span> <span class='ocrx_word' id='word_1_84' title='bbox 336 1315 383 1375; x_wconf 80' lang='lat' dir='ltr'><strong>tn</strong></span> <span class='ocrx_word' id='word_1_85' title='bbox 408 1318 511 1376; x_wconf 86' lang='lat' dir='ltr'><strong>antem</strong></span> <span class='ocrx_word' id='word_1_86' title='bbox 529 1311 675 1373; x_wconf 89' lang='lat' dir='ltr'><strong>diaconus</strong></span> <span class='ocrx_word' id='word_1_87' title='bbox 694 1309 788 1390; x_wconf 87' lang='lat' dir='ltr'><strong>possit</strong></span> <span class='ocrx_word' id='word_1_88' title='bbox 800 1307 980 1373; x_wconf 88' lang='lat' dir='ltr'><strong>benedicere</strong></span> <span class='ocrx_word' id='word_1_89' title='bbox 997 1309 1060 1388; x_wconf 83' lang='lat' dir='ltr'><strong>eat,</strong></span> <span class='ocrx_word' id='word_1_90' title='bbox 1081 1309 1109 1374; x_wconf 86' lang='lat' dir='ltr'><strong>si</strong></span> <span class='ocrx_word' id='word_1_91' title='bbox 1122 1312 1162 1375; x_wconf 82' lang='lat' dir='ltr'><strong>ad</strong></span> 
     </span>
     <span class='ocr_line' id='line_1_14' title="bbox 186 1400 529 1482; baseline -0.003 -17"><span class='ocrx_word' id='word_1_92' title='bbox 186 1400 372 1482; x_wconf 79' lang='lat' dir='ltr'><strong>Baptismum</strong></span> <span class='ocrx_word' id='word_1_93' title='bbox 385 1400 529 1464; x_wconf 77' lang='lat' dir='ltr'><strong>deficiat?</strong></span> 
     </span>
    </p>

    <p class='ocr_par' dir='ltr' id='par_1_5' title="bbox 184 1489 1162 1838">
     <span class='ocr_line' id='line_1_15' title="bbox 223 1489 1160 1573; baseline 0.003 -22"><span class='ocrx_word' id='word_1_94' title='bbox 223 1491 313 1573; x_wconf 87' lang='lat' dir='ltr'><strong>ttesp.</strong></span> <span class='ocrx_word' id='word_1_95' title='bbox 329 1493 471 1573; x_wconf 83' lang='lat' dir='ltr'><strong>hequeux</strong></span> <span class='ocrx_word' id='word_1_96' title='bbox 486 1489 576 1552; x_wconf 77' lang='lat' dir='ltr'>refert</span> <span class='ocrx_word' id='word_1_97' title='bbox 591 1495 728 1552; x_wconf 83' lang='lat' dir='ltr'><strong>auctores</strong></span> <span class='ocrx_word' id='word_1_98' title='bbox 741 1507 797 1570; x_wconf 87' lang='lat' dir='ltr'><strong>pro</strong></span> <span class='ocrx_word' id='word_1_99' title='bbox 809 1493 841 1552; x_wconf 88' lang='lat' dir='ltr'><strong>et</strong></span> <span class='ocrx_word' id='word_1_100' title='bbox 859 1494 963 1551; x_wconf 88' lang='lat' dir='ltr'><strong>contra</strong></span> <span class='ocrx_word' id='word_1_101' title='bbox 976 1489 1160 1569; x_wconf 68' lang='lat' dir='ltr'><strong>sentientes,</strong></span> 
     </span>
     <span class='ocr_line' id='line_1_16' title="bbox 184 1578 1158 1658; baseline -0.006 -10"><span class='ocrx_word' id='word_1_102' title='bbox 184 1585 369 1648; x_wconf 87' lang='lat' dir='ltr'><strong>danseorum</strong></span> <span class='ocrx_word' id='word_1_103' title='bbox 382 1581 512 1642; x_wconf 84' lang='lat' dir='ltr'><strong>rationes</strong></span> <span class='ocrx_word' id='word_1_104' title='bbox 526 1579 571 1658; x_wconf 81' lang='lat' dir='ltr'><strong>(m</strong></span> <span class='ocrx_word' id='word_1_105' title='bbox 583 1581 670 1658; x_wconf 78' lang='lat'>703);</span> <span class='ocrx_word' id='word_1_106' title='bbox 687 1578 897 1640; x_wconf 81' lang='lat' dir='ltr'><strong>Ferrarisnerh</strong></span> <span class='ocrx_word' id='word_1_107' title='bbox 911 1582 951 1655; x_wconf 60' lang='lat' dir='ltr'><strong>(it</strong></span> <span class='ocrx_word' id='word_1_108' title='bbox 965 1578 1158 1650; x_wconf 67' lang='lat' dir='ltr'><strong>Benedicent,</strong></span> 
     </span>
     <span class='ocr_line' id='line_1_17' title="bbox 184 1666 1162 1747; baseline 0 -17"><span class='ocrx_word' id='word_1_109' title='bbox 184 1682 240 1733; x_wconf 86' lang='lat' dir='ltr'><strong>art.</strong></span> <span class='ocrx_word' id='word_1_110' title='bbox 259 1675 287 1745; x_wconf 90' lang='lat' dir='ltr'><strong>t,</strong></span> <span class='ocrx_word' id='word_1_111' title='bbox 304 1669 345 1732; x_wconf 74' lang='grc' dir='ltr'><strong>η’·</strong></span> <span class='ocrx_word' id='word_1_112' title='bbox 360 1673 398 1732; x_wconf 79' lang='lat' dir='ltr'><strong>ts</strong></span> <span class='ocrx_word' id='word_1_113' title='bbox 412 1676 441 1732; x_wconf 90' lang='lat' dir='ltr'><strong>et</strong></span> <span class='ocrx_word' id='word_1_114' title='bbox 457 1671 504 1747; x_wconf 80' lang='lat'><strong>15)</strong></span> <span class='ocrx_word' id='word_1_115' title='bbox 523 1668 565 1730; x_wconf 90' lang='lat' dir='ltr'><strong>sic</strong></span> <span class='ocrx_word' id='word_1_116' title='bbox 582 1666 694 1728; x_wconf 89' lang='lat' dir='ltr'><strong>habet:</strong></span> <span class='ocrx_word' id='word_1_117' title='bbox 715 1689 730 1724; x_wconf 85' lang='lat' dir='ltr'><strong>n</strong></span> <span class='ocrx_word' id='word_1_118' title='bbox 743 1667 831 1730; x_wconf 86' lang='lat' dir='ltr'><strong>Solus</strong></span> <span class='ocrx_word' id='word_1_119' title='bbox 844 1666 983 1730; x_wconf 78' lang='lat' dir='ltr'><strong>sacerdos</strong></span> <span class='ocrx_word' id='word_1_120' title='bbox 995 1674 1041 1730; x_wconf 91' lang='lat' dir='ltr'><strong>est</strong></span> <span class='ocrx_word' id='word_1_121' title='bbox 1055 1667 1162 1744; x_wconf 74' lang='lat' dir='ltr'><strong>(bene</strong></span> 
     </span>
     <span class='ocr_line' id='line_1_18' title="bbox 185 1753 1159 1838; baseline 0.004 -24"><span class='ocrx_word' id='word_1_122' title='bbox 185 1781 199 1815; x_wconf 83' lang='lat' dir='ltr'><strong>n</strong></span> <span class='ocrx_word' id='word_1_123' title='bbox 224 1757 401 1838; x_wconf 83' lang='lat' dir='ltr'><strong>dictionum)</strong></span> <span class='ocrx_word' id='word_1_124' title='bbox 423 1757 596 1838; x_wconf 80' lang='lat' dir='ltr'><strong>adaequatus</strong></span> <span class='ocrx_word' id='word_1_125' title='bbox 623 1755 795 1818; x_wconf 83' lang='lat' dir='ltr'><strong>minister...</strong></span> <span class='ocrx_word' id='word_1_126' title='bbox 823 1753 911 1820; x_wconf 86' lang='lat' dir='ltr'><strong>Unde</strong></span> <span class='ocrx_word' id='word_1_127' title='bbox 939 1755 1159 1834; x_wconf 74' lang='lat' dir='ltr'><strong>sittacene,</strong></span> 
     </span>
    </p>
   </div>
   <div class='ocr_carea' id='block_1_4' title="bbox 186 1844 1266 1928">
    <p class='ocr_par' dir='ltr' id='par_1_6' title="bbox 186 1844 1266 1928">
     <span class='ocr_line' id='line_1_19' title="bbox 186 1844 1266 1928; baseline 0 -22"><span class='ocrx_word' id='word_1_128' title='bbox 186 1871 200 1906; x_wconf 82' lang='lat' dir='ltr'><strong>n</strong></span> <span class='ocrx_word' id='word_1_129' title='bbox 225 1849 361 1928; x_wconf 80' lang='lat' dir='ltr'><strong>quanrvis</strong></span> <span class='ocrx_word' id='word_1_130' title='bbox 382 1845 507 1926; x_wconf 85' lang='lat' dir='ltr'><strong>jubente</strong></span> <span class='ocrx_word' id='word_1_131' title='bbox 527 1844 695 1921; x_wconf 88' lang='lat' dir='ltr'><strong>sacerdote,</strong></span> <span class='ocrx_word' id='word_1_132' title='bbox 711 1863 821 1927; x_wconf 88' lang='lat' dir='ltr'><strong>aquam</strong></span> <span class='ocrx_word' id='word_1_133' title='bbox 842 1864 871 1906; x_wconf 81' lang='lat' dir='ltr'><strong>n.</strong></span> <span class='ocrx_word' id='word_1_134' title='bbox 894 1863 925 1926; x_wconf 82' lang='lat' dir='ltr'><strong>g.</strong></span> <span class='ocrx_word' id='word_1_135' title='bbox 947 1844 1159 1922; x_wconf 84' lang='lat' dir='ltr'><strong>benediceret,</strong></span> <span class='ocrx_word' id='word_1_136' title='bbox 1265 1895 1266 1906; x_wconf 72' lang='lat'><strong>.</strong></span> 
     </span>
    </p>
   </div>
   <div class='ocr_carea' id='block_1_5' title="bbox 185 1933 1163 3696">
    <p class='ocr_par' dir='ltr' id='par_1_7' title="bbox 185 1933 1163 2282">
     <span class='ocr_line' id='line_1_20' title="bbox 185 1933 1159 2014; baseline 0.006 -22"><span class='ocrx_word' id='word_1_137' title='bbox 185 1958 200 1992; x_wconf 87' lang='lat' dir='ltr'><strong>n</strong></span> <span class='ocrx_word' id='word_1_138' title='bbox 226 1938 307 1996; x_wconf 83' lang='lat' dir='ltr'><strong>irrita</strong></span> <span class='ocrx_word' id='word_1_139' title='bbox 341 1943 417 1998; x_wconf 87' lang='lat' dir='ltr'><strong>esset</strong></span> <span class='ocrx_word' id='word_1_140' title='bbox 448 1934 636 2011; x_wconf 76' lang='lat' dir='ltr'><strong>benedictio,</strong></span> <span class='ocrx_word' id='word_1_141' title='bbox 663 1933 733 2014; x_wconf 81' lang='lat' dir='ltr'><strong>quii</strong></span> <span class='ocrx_word' id='word_1_142' title='bbox 760 1952 824 1998; x_wconf 90' lang='lat' dir='ltr'><strong>non</strong></span> <span class='ocrx_word' id='word_1_143' title='bbox 857 1933 931 1996; x_wconf 85' lang='lat' dir='ltr'><strong>tacta</strong></span> <span class='ocrx_word' id='word_1_144' title='bbox 962 1933 1001 1997; x_wconf 85' lang='lat' dir='ltr'><strong>ab</strong></span> <span class='ocrx_word' id='word_1_145' title='bbox 1030 1933 1159 1998; x_wconf 87' lang='lat' dir='ltr'><strong>habente</strong></span> 
     </span>
     <span class='ocr_line' id='line_1_21' title="bbox 185 2023 1160 2105; baseline 0.005 -24"><span class='ocrx_word' id='word_1_146' title='bbox 185 2046 200 2081; x_wconf 86' lang='lat' dir='ltr'><strong>n</strong></span> <span class='ocrx_word' id='word_1_147' title='bbox 224 2028 429 2086; x_wconf 88' lang='lat' dir='ltr'><strong>auctoritatem</strong></span> <span class='ocrx_word' id='word_1_148' title='bbox 443 2071 451 2099; x_wconf 84' lang='lat'><strong>‚</strong></span> <span class='ocrx_word' id='word_1_149' title='bbox 466 2031 497 2084; x_wconf 90' lang='lat' dir='ltr'><strong>et</strong></span> <span class='ocrx_word' id='word_1_150' title='bbox 511 2023 577 2084; x_wconf 90' lang='lat' dir='ltr'><strong>ideo</strong></span> <span class='ocrx_word' id='word_1_151' title='bbox 591 2023 697 2084; x_wconf 79' lang='lat' dir='ltr'><strong>merito</strong></span> <span class='ocrx_word' id='word_1_152' title='bbox 712 2023 741 2083; x_wconf 88' lang='lat' dir='ltr'><strong>in</strong></span> <span class='ocrx_word' id='word_1_153' title='bbox 757 2043 823 2105; x_wconf 89' lang='lat' dir='ltr'><strong>cap.</strong></span> <span class='ocrx_word' id='word_1_154' title='bbox 836 2025 894 2096; x_wconf 76' lang='lat'><strong>28,</strong></span> <span class='ocrx_word' id='word_1_155' title='bbox 910 2023 962 2086; x_wconf 88' lang='lat' dir='ltr'><strong>tib.</strong></span> <span class='ocrx_word' id='word_1_156' title='bbox 977 2027 1019 2099; x_wconf 87' lang='lat'><strong>8,</strong></span> <span class='ocrx_word' id='word_1_157' title='bbox 1033 2023 1160 2086; x_wconf 79' lang='lat' dir='ltr'><strong>Constit.</strong></span> 
     </span>
     <span class='ocr_line' id='line_1_22' title="bbox 185 2111 1163 2194; baseline 0.004 -23"><span class='ocrx_word' id='word_1_158' title='bbox 185 2134 200 2171; x_wconf 82' lang='lat' dir='ltr'><strong>a</strong></span> <span class='ocrx_word' id='word_1_159' title='bbox 228 2113 359 2192; x_wconf 82' lang='lat' dir='ltr'><strong>hpostot.</strong></span> <span class='ocrx_word' id='word_1_160' title='bbox 371 2112 479 2173; x_wconf 89' lang='lat' dir='ltr'><strong>dicitur</strong></span> <span class='ocrx_word' id='word_1_161' title='bbox 491 2130 498 2171; x_wconf 92' lang='lat'><strong>:</strong></span> <span class='ocrx_word' id='word_1_162' title='bbox 509 2111 656 2172; x_wconf 86' lang='lat' dir='ltr'><strong>diaconus</strong></span> <span class='ocrx_word' id='word_1_163' title='bbox 671 2131 731 2172; x_wconf 93' lang='lat' dir='ltr'><strong>non</strong></span> <span class='ocrx_word' id='word_1_164' title='bbox 746 2112 896 2174; x_wconf 80' lang='lat' dir='ltr'><strong>benedicit</strong></span> <span class='ocrx_word' id='word_1_165' title='bbox 910 2129 1009 2194; x_wconf 86' lang='lat' dir='ltr'><strong>neque</strong></span> <span class='ocrx_word' id='word_1_166' title='bbox 1021 2111 1163 2175; x_wconf 84' lang='lat' dir='ltr'><strong>bencdic-</strong></span> 
     </span>
     <span class='ocr_line' id='line_1_23' title="bbox 185 2199 1116 2282; baseline 0.001 -24"><span class='ocrx_word' id='word_1_167' title='bbox 185 2222 201 2258; x_wconf 80' lang='lat' dir='ltr'><strong>o</strong></span> <span class='ocrx_word' id='word_1_168' title='bbox 226 2201 338 2262; x_wconf 89' lang='lat' dir='ltr'><strong>tionem</strong></span> <span class='ocrx_word' id='word_1_169' title='bbox 353 2199 403 2260; x_wconf 90' lang='lat' dir='ltr'><strong>dat</strong></span> <span class='ocrx_word' id='word_1_170' title='bbox 415 2246 422 2270; x_wconf 83' lang='grc'><em>,</em></span> <span class='ocrx_word' id='word_1_171' title='bbox 434 2199 543 2279; x_wconf 86' lang='lat' dir='ltr'><strong>accipit</strong></span> <span class='ocrx_word' id='word_1_172' title='bbox 553 2202 623 2261; x_wconf 80' lang='lat' dir='ltr'><strong>verb</strong></span> <span class='ocrx_word' id='word_1_173' title='bbox 637 2200 675 2262; x_wconf 89' lang='lat' dir='ltr'><strong>ab</strong></span> <span class='ocrx_word' id='word_1_174' title='bbox 690 2201 838 2282; x_wconf 80' lang='lat' dir='ltr'><strong>Episcopo</strong></span> <span class='ocrx_word' id='word_1_175' title='bbox 852 2209 882 2264; x_wconf 90' lang='lat' dir='ltr'><strong>et</strong></span> <span class='ocrx_word' id='word_1_176' title='bbox 895 2201 1084 2281; x_wconf 79' lang='lat' dir='ltr'><strong>Presbytero.</strong></span> <span class='ocrx_word' id='word_1_177' title='bbox 1100 2224 1116 2259; x_wconf 79' lang='lat' dir='ltr'><strong>c</strong></span> 
     </span>
    </p>

    <p class='ocr_par' dir='ltr' id='par_1_8' title="bbox 185 2287 1162 2458">
     <span class='ocr_line' id='line_1_24' title="bbox 225 2287 1162 2359; baseline 0.005 -11"><span class='ocrx_word' id='word_1_178' title='bbox 225 2292 313 2349; x_wconf 75' lang='lat'><strong>3282.</strong></span> <span class='ocrx_word' id='word_1_179' title='bbox 337 2287 457 2359; x_wconf 75' lang='lat' dir='ltr'><strong>Quaerit.</strong></span> <span class='ocrx_word' id='word_1_180' title='bbox 477 2292 506 2348; x_wconf 84' lang='lat' dir='ltr'><strong>t⁰</strong></span> <span class='ocrx_word' id='word_1_181' title='bbox 520 2288 621 2359; x_wconf 84' lang='lat' dir='ltr'><strong>Qualis</strong></span> <span class='ocrx_word' id='word_1_182' title='bbox 641 2289 716 2350; x_wconf 85' lang='lat' dir='ltr'><strong>ordo</strong></span> <span class='ocrx_word' id='word_1_183' title='bbox 731 2289 767 2350; x_wconf 85' lang='lat' dir='ltr'><strong>sit</strong></span> <span class='ocrx_word' id='word_1_184' title='bbox 781 2289 944 2352; x_wconf 72' lang='lat' dir='ltr'><strong>seruandus</strong></span> <span class='ocrx_word' id='word_1_185' title='bbox 960 2290 1040 2351; x_wconf 90' lang='lat' dir='ltr'><strong>inter</strong></span> <span class='ocrx_word' id='word_1_186' title='bbox 1052 2291 1162 2354; x_wconf 86' lang='lat' dir='ltr'><strong>minis·</strong></span> 
     </span>
     <span class='ocr_line' id='line_1_25' title="bbox 185 2376 1101 2458; baseline 0.003 -20"><span class='ocrx_word' id='word_1_187' title='bbox 185 2383 247 2438; x_wconf 92' lang='lat' dir='ltr'><strong>tros</strong></span> <span class='ocrx_word' id='word_1_188' title='bbox 261 2376 383 2457; x_wconf 87' lang='lat' dir='ltr'><strong>quando</strong></span> <span class='ocrx_word' id='word_1_189' title='bbox 399 2377 427 2437; x_wconf 91' lang='lat' dir='ltr'><strong>in</strong></span> <span class='ocrx_word' id='word_1_190' title='bbox 444 2378 619 2438; x_wconf 84' lang='lat' dir='ltr'><strong>necessitate</strong></span> <span class='ocrx_word' id='word_1_191' title='bbox 637 2379 805 2458; x_wconf 83' lang='lat' dir='ltr'><strong>Baptismus</strong></span> <span class='ocrx_word' id='word_1_192' title='bbox 817 2385 863 2440; x_wconf 83' lang='lat' dir='ltr'><strong>est</strong></span> <span class='ocrx_word' id='word_1_193' title='bbox 875 2377 1101 2441; x_wconf 79' lang='lat' dir='ltr'><strong>conferendus?</strong></span> 
     </span>
    </p>

    <p class='ocr_par' dir='ltr' id='par_1_9' title="bbox 186 2464 1163 3430">
     <span class='ocr_line' id='line_1_26' title="bbox 226 2464 1160 2549; baseline 0.004 -23"><span class='ocrx_word' id='word_1_194' title='bbox 226 2467 314 2549; x_wconf 81' lang='lat' dir='ltr'><strong>Resp.</strong></span> <span class='ocrx_word' id='word_1_195' title='bbox 330 2466 379 2528; x_wconf 89' lang='lat' dir='ltr'><strong>Sic</strong></span> <span class='ocrx_word' id='word_1_196' title='bbox 389 2464 514 2528; x_wconf 85' lang='lat' dir='ltr'><strong>habetur</strong></span> <span class='ocrx_word' id='word_1_197' title='bbox 523 2466 553 2526; x_wconf 88' lang='lat' dir='ltr'><strong>in</strong></span> <span class='ocrx_word' id='word_1_198' title='bbox 565 2466 672 2526; x_wconf 87' lang='lat' dir='ltr'><strong>ttituati</strong></span> <span class='ocrx_word' id='word_1_199' title='bbox 685 2467 838 2528; x_wconf 83' lang='lat' dir='ltr'><strong>Romano:</strong></span> <span class='ocrx_word' id='word_1_200' title='bbox 852 2467 908 2530; x_wconf 76' lang='lat' dir='ltr'><strong>«Si</strong></span> <span class='ocrx_word' id='word_1_201' title='bbox 919 2467 995 2528; x_wconf 88' lang='lat' dir='ltr'><strong>adsit</strong></span> <span class='ocrx_word' id='word_1_202' title='bbox 1004 2469 1160 2540; x_wconf 75' lang='lat' dir='ltr'><strong>sacerdos,</strong></span> 
     </span>
     <span class='ocr_line' id='line_1_27' title="bbox 186 2555 1163 2636; baseline 0.004 -20"><span class='ocrx_word' id='word_1_203' title='bbox 186 2579 201 2616; x_wconf 80' lang='lat' dir='ltr'><strong>n</strong></span> <span class='ocrx_word' id='word_1_204' title='bbox 226 2555 353 2617; x_wconf 91' lang='lat' dir='ltr'><strong>diacono</strong></span> <span class='ocrx_word' id='word_1_205' title='bbox 368 2557 541 2636; x_wconf 79' lang='lat' dir='ltr'><strong>praeteratur</strong></span> <span class='ocrx_word' id='word_1_206' title='bbox 555 2558 595 2630; x_wconf 88' lang='lat' dir='ltr'><strong>(et</strong></span> <span class='ocrx_word' id='word_1_207' title='bbox 609 2555 756 2635; x_wconf 87' lang='lat' dir='ltr'><strong>parochus</strong></span> <span class='ocrx_word' id='word_1_208' title='bbox 766 2555 892 2636; x_wconf 87' lang='lat' dir='ltr'><strong>simplici</strong></span> <span class='ocrx_word' id='word_1_209' title='bbox 908 2555 1067 2633; x_wconf 81' lang='lat' dir='ltr'><strong>secerdoti)</strong></span> <span class='ocrx_word' id='word_1_210' title='bbox 1080 2605 1089 2634; x_wconf 92' lang='lat'>‚</span> <span class='ocrx_word' id='word_1_211' title='bbox 1100 2558 1163 2620; x_wconf 87' lang='lat' dir='ltr'><strong>dia-</strong></span> 
     </span>
     <span class='ocr_line' id='line_1_28' title="bbox 186 2642 1161 2722; baseline 0.004 -18"><span class='ocrx_word' id='word_1_212' title='bbox 186 2667 202 2704; x_wconf 79' lang='lat' dir='ltr'><strong>n</strong></span> <span class='ocrx_word' id='word_1_213' title='bbox 226 2663 322 2706; x_wconf 88' lang='lat' dir='ltr'><strong>conus</strong></span> <span class='ocrx_word' id='word_1_214' title='bbox 343 2642 545 2719; x_wconf 88' lang='lat' dir='ltr'><strong>subdiacono,</strong></span> <span class='ocrx_word' id='word_1_215' title='bbox 570 2642 698 2704; x_wconf 88' lang='lat' dir='ltr'><strong>ctericus</strong></span> <span class='ocrx_word' id='word_1_216' title='bbox 721 2644 813 2722; x_wconf 85' lang='lat' dir='ltr'><strong>laico,</strong></span> <span class='ocrx_word' id='word_1_217' title='bbox 833 2652 863 2706; x_wconf 89' lang='lat' dir='ltr'><strong>et</strong></span> <span class='ocrx_word' id='word_1_218' title='bbox 877 2646 922 2705; x_wconf 84' lang='lat' dir='ltr'><strong>vir</strong></span> <span class='ocrx_word' id='word_1_219' title='bbox 939 2644 1079 2722; x_wconf 73' lang='lat' dir='ltr'><strong>femine,</strong></span> <span class='ocrx_word' id='word_1_220' title='bbox 1105 2648 1161 2708; x_wconf 88' lang='lat' dir='ltr'><strong>nisi</strong></span> 
     </span>
     <span class='ocr_line' id='line_1_29' title="bbox 186 2729 1161 2816; baseline 0.006 -26"><span class='ocrx_word' id='word_1_221' title='bbox 186 2755 202 2790; x_wconf 74' lang='lat' dir='ltr'><strong>a</strong></span> <span class='ocrx_word' id='word_1_222' title='bbox 227 2734 350 2813; x_wconf 89' lang='lat' dir='ltr'><strong>pudoris</strong></span> <span class='ocrx_word' id='word_1_223' title='bbox 363 2731 456 2813; x_wconf 77' lang='lat' dir='ltr'><strong>gratia</strong></span> <span class='ocrx_word' id='word_1_224' title='bbox 473 2730 576 2792; x_wconf 89' lang='lat' dir='ltr'><strong>deceat</strong></span> <span class='ocrx_word' id='word_1_225' title='bbox 590 2729 733 2792; x_wconf 83' lang='lat' dir='ltr'><strong>seminam</strong></span> <span class='ocrx_word' id='word_1_226' title='bbox 752 2733 851 2813; x_wconf 88' lang='lat' dir='ltr'><strong>potius</strong></span> <span class='ocrx_word' id='word_1_227' title='bbox 867 2736 960 2814; x_wconf 81' lang='lat' dir='ltr'><strong>quhm</strong></span> <span class='ocrx_word' id='word_1_228' title='bbox 972 2734 1070 2794; x_wconf 88' lang='lat' dir='ltr'><strong>virum</strong></span> <span class='ocrx_word' id='word_1_229' title='bbox 1087 2733 1161 2816; x_wconf 88' lang='lat' dir='ltr'><strong>bap-</strong></span> 
     </span>
     <span class='ocr_line' id='line_1_30' title="bbox 187 2821 1162 2897; baseline 0.005 -18"><span class='ocrx_word' id='word_1_230' title='bbox 187 2822 314 2882; x_wconf 78' lang='lat' dir='ltr'><strong>»tizare</strong></span> <span class='ocrx_word' id='word_1_231' title='bbox 341 2821 485 2882; x_wconf 86' lang='lat' dir='ltr'><strong>infantem</strong></span> <span class='ocrx_word' id='word_1_232' title='bbox 519 2837 580 2880; x_wconf 92' lang='lat' dir='ltr'><strong>non</strong></span> <span class='ocrx_word' id='word_1_233' title='bbox 604 2823 730 2881; x_wconf 91' lang='lat' dir='ltr'><strong>omnino</strong></span> <span class='ocrx_word' id='word_1_234' title='bbox 748 2821 880 2897; x_wconf 89' lang='lat' dir='ltr'><strong>editum,</strong></span> <span class='ocrx_word' id='word_1_235' title='bbox 897 2821 944 2882; x_wconf 83' lang='lat' dir='ltr'><strong>vet</strong></span> <span class='ocrx_word' id='word_1_236' title='bbox 969 2823 1025 2883; x_wconf 89' lang='lat' dir='ltr'><strong>nisi</strong></span> <span class='ocrx_word' id='word_1_237' title='bbox 1050 2823 1162 2886; x_wconf 81' lang='lat' dir='ltr'><strong>metitis</strong></span> 
     </span>
     <span class='ocr_line' id='line_1_31' title="bbox 187 2907 1162 2992; baseline 0.004 -24"><span class='ocrx_word' id='word_1_238' title='bbox 187 2929 203 2968; x_wconf 80' lang='lat' dir='ltr'><strong>ii</strong></span> <span class='ocrx_word' id='word_1_239' title='bbox 228 2910 340 2971; x_wconf 87' lang='lat' dir='ltr'><strong>temina</strong></span> <span class='ocrx_word' id='word_1_240' title='bbox 353 2910 442 2970; x_wconf 87' lang='lat' dir='ltr'><strong>sciret</strong></span> <span class='ocrx_word' id='word_1_241' title='bbox 456 2907 621 2969; x_wconf 88' lang='lat' dir='ltr'><strong>tormamet</strong></span> <span class='ocrx_word' id='word_1_242' title='bbox 632 2909 757 2970; x_wconf 89' lang='lat' dir='ltr'><strong>modum</strong></span> <span class='ocrx_word' id='word_1_243' title='bbox 772 2909 961 2991; x_wconf 86' lang='lat' dir='ltr'><strong>baptizandi:</strong></span> <span class='ocrx_word' id='word_1_244' title='bbox 977 2923 1162 2992; x_wconf 80' lang='lat' dir='ltr'><strong>quapropter</strong></span> 
     </span>
     <span class='ocr_line' id='line_1_32' title="bbox 188 2995 1161 3078; baseline 0.004 -22"><span class='ocrx_word' id='word_1_245' title='bbox 188 3017 204 3056; x_wconf 76' lang='lat' dir='ltr'><strong>a</strong></span> <span class='ocrx_word' id='word_1_246' title='bbox 226 3015 331 3059; x_wconf 87' lang='lat' dir='ltr'><strong>curare</strong></span> <span class='ocrx_word' id='word_1_247' title='bbox 344 2995 433 3056; x_wconf 87' lang='lat' dir='ltr'><strong>debet</strong></span> <span class='ocrx_word' id='word_1_248' title='bbox 447 2996 594 3076; x_wconf 83' lang='lat' dir='ltr'><strong>parochus</strong></span> <span class='ocrx_word' id='word_1_249' title='bbox 608 3003 640 3058; x_wconf 92' lang='lat' dir='ltr'><strong>ut</strong></span> <span class='ocrx_word' id='word_1_250' title='bbox 654 2997 773 3072; x_wconf 80' lang='lat' dir='ltr'><strong>fideles,</strong></span> <span class='ocrx_word' id='word_1_251' title='bbox 788 2999 954 3078; x_wconf 75' lang='lat' dir='ltr'><strong>prasertim</strong></span> <span class='ocrx_word' id='word_1_252' title='bbox 967 2999 1161 3072; x_wconf 59' lang='lat' dir='ltr'><strong>obstetricesv</strong></span> 
     </span>
     <span class='ocr_line' id='line_1_33' title="bbox 188 3081 1163 3166; baseline 0.006 -22"><span class='ocrx_word' id='word_1_253' title='bbox 188 3107 203 3144; x_wconf 75' lang='lat' dir='ltr'><strong>a</strong></span> <span class='ocrx_word' id='word_1_254' title='bbox 228 3081 343 3148; x_wconf 89' lang='lat' dir='ltr'><strong>rectum</strong></span> <span class='ocrx_word' id='word_1_255' title='bbox 357 3083 531 3164; x_wconf 82' lang='lat' dir='ltr'><strong>¹baptizandi</strong></span> <span class='ocrx_word' id='word_1_256' title='bbox 548 3087 637 3148; x_wconf 90' lang='lat' dir='ltr'><strong>ritum</strong></span> <span class='ocrx_word' id='word_1_257' title='bbox 652 3086 745 3166; x_wconf 76' lang='lat' dir='ltr'><strong>probe</strong></span> <span class='ocrx_word' id='word_1_258' title='bbox 759 3093 881 3148; x_wconf 87' lang='lat' dir='ltr'><strong>teneant</strong></span> <span class='ocrx_word' id='word_1_259' title='bbox 893 3094 925 3149; x_wconf 91' lang='lat' dir='ltr'><strong>et</strong></span> <span class='ocrx_word' id='word_1_260' title='bbox 937 3095 1083 3148; x_wconf 78' lang='lat' dir='ltr'><strong>servent»</strong></span> <span class='ocrx_word' id='word_1_261' title='bbox 1100 3107 1108 3150; x_wconf 92' lang='lat'><strong>:</strong></span> <span class='ocrx_word' id='word_1_262' title='bbox 1124 3090 1163 3150; x_wconf 85' lang='lat' dir='ltr'><strong>ad</strong></span> 
     </span>
     <span class='ocr_line' id='line_1_34' title="bbox 189 3172 1163 3257; baseline 0.001 -20"><span class='ocrx_word' id='word_1_263' title='bbox 189 3175 246 3237; x_wconf 91' lang='lat' dir='ltr'><strong>hoc</strong></span> <span class='ocrx_word' id='word_1_264' title='bbox 260 3181 377 3235; x_wconf 88' lang='lat' dir='ltr'><strong>tenetur</strong></span> <span class='ocrx_word' id='word_1_265' title='bbox 392 3172 540 3252; x_wconf 87' lang='lat' dir='ltr'><strong>parochus</strong></span> <span class='ocrx_word' id='word_1_266' title='bbox 553 3173 611 3236; x_wconf 91' lang='lat' dir='ltr'><strong>sub</strong></span> <span class='ocrx_word' id='word_1_267' title='bbox 624 3177 704 3255; x_wconf 81' lang='lat' dir='ltr'><strong>gravi</strong></span> <span class='ocrx_word' id='word_1_268' title='bbox 713 3195 721 3250; x_wconf 90' lang='lat'>;</span> <span class='ocrx_word' id='word_1_269' title='bbox 731 3183 760 3236; x_wconf 93' lang='lat' dir='ltr'><strong>et</strong></span> <span class='ocrx_word' id='word_1_270' title='bbox 767 3175 824 3236; x_wconf 88' lang='lat' dir='ltr'><strong>sub</strong></span> <span class='ocrx_word' id='word_1_271' title='bbox 833 3177 915 3254; x_wconf 80' lang='lat' dir='ltr'><strong>gravi</strong></span> <span class='ocrx_word' id='word_1_272' title='bbox 930 3177 1042 3257; x_wconf 84' lang='lat' dir='ltr'><strong>pariter</strong></span> <span class='ocrx_word' id='word_1_273' title='bbox 1054 3183 1163 3238; x_wconf 87' lang='lat' dir='ltr'><strong>tenen-</strong></span> 
     </span>
     <span class='ocr_line' id='line_1_35' title="bbox 190 3259 1158 3346; baseline 0.003 -22"><span class='ocrx_word' id='word_1_274' title='bbox 190 3271 238 3326; x_wconf 90' lang='lat' dir='ltr'><strong>tur</strong></span> <span class='ocrx_word' id='word_1_275' title='bbox 251 3261 423 3324; x_wconf 81' lang='lat' dir='ltr'><strong>obstetrices</strong></span> <span class='ocrx_word' id='word_1_276' title='bbox 439 3259 515 3322; x_wconf 89' lang='lat' dir='ltr'><strong>scirc</strong></span> <span class='ocrx_word' id='word_1_277' title='bbox 530 3261 665 3325; x_wconf 89' lang='lat' dir='ltr'><strong>debitum</strong></span> <span class='ocrx_word' id='word_1_278' title='bbox 689 3262 814 3324; x_wconf 89' lang='lat' dir='ltr'><strong>modum</strong></span> <span class='ocrx_word' id='word_1_279' title='bbox 834 3262 1001 3346; x_wconf 79' lang='lat' dir='ltr'><strong>baptizandi</strong></span> <span class='ocrx_word' id='word_1_280' title='bbox 1019 3264 1158 3328; x_wconf 83' lang='lat' dir='ltr'><strong>tutantes-</strong></span> 
     </span>
     <span class='ocr_line' id='line_1_36' title="bbox 190 3349 783 3430; baseline 0.005 -20"><span class='ocrx_word' id='word_1_281' title='bbox 190 3351 264 3412; x_wconf 90' lang='lat' dir='ltr'><strong>Vide</strong></span> <span class='ocrx_word' id='word_1_282' title='bbox 278 3369 327 3430; x_wconf 88' lang='lat' dir='ltr'><strong>ap.</strong></span> <span class='ocrx_word' id='word_1_283' title='bbox 343 3351 375 3412; x_wconf 91' lang='lat' dir='ltr'><strong>S.</strong></span> <span class='ocrx_word' id='word_1_284' title='bbox 392 3349 525 3430; x_wconf 70' lang='lat' dir='ltr'><strong>Lignea,</strong></span> <span class='ocrx_word' id='word_1_285' title='bbox 542 3349 592 3411; x_wconf 91' lang='lat' dir='ltr'><strong>tib.</strong></span> <span class='ocrx_word' id='word_1_286' title='bbox 609 3355 647 3427; x_wconf 82' lang='lat'><strong>6,</strong></span> <span class='ocrx_word' id='word_1_287' title='bbox 664 3360 698 3412; x_wconf 85' lang='lat' dir='ltr'><strong>n⁰</strong></span> <span class='ocrx_word' id='word_1_288' title='bbox 714 3355 783 3413; x_wconf 86' lang='lat' dir='ltr'><strong>tt&#39;t.</strong></span> 
     </span>
    </p>

    <p class='ocr_par' dir='ltr' id='par_1_10' title="bbox 190 3440 1163 3696">
     <span class='ocr_line' id='line_1_37' title="bbox 228 3440 1163 3523; baseline 0.006 -22"><span class='ocrx_word' id='word_1_289' title='bbox 228 3441 317 3501; x_wconf 72' lang='lat'><strong>3283.</strong></span> <span class='ocrx_word' id='word_1_290' title='bbox 337 3460 353 3498; x_wconf 80' lang='lat' dir='ltr'><strong>c</strong></span> <span class='ocrx_word' id='word_1_291' title='bbox 367 3440 453 3500; x_wconf 89' lang='lat' dir='ltr'><strong>Pater</strong></span> <span class='ocrx_word' id='word_1_292' title='bbox 466 3445 518 3500; x_wconf 87' lang='lat' dir='ltr'><strong>aut</strong></span> <span class='ocrx_word' id='word_1_293' title='bbox 532 3447 626 3501; x_wconf 90' lang='lat' dir='ltr'><strong>mater</strong></span> <span class='ocrx_word' id='word_1_294' title='bbox 640 3443 792 3522; x_wconf 89' lang='lat' dir='ltr'><strong>propriam</strong></span> <span class='ocrx_word' id='word_1_295' title='bbox 806 3441 922 3522; x_wconf 90' lang='lat' dir='ltr'><strong>prolem</strong></span> <span class='ocrx_word' id='word_1_296' title='bbox 934 3441 1085 3523; x_wconf 78' lang='lat' dir='ltr'><strong>baptizare</strong></span> <span class='ocrx_word' id='word_1_297' title='bbox 1099 3461 1163 3508; x_wconf 87' lang='lat' dir='ltr'><strong>non</strong></span> 
     </span>
     <span class='ocr_line' id='line_1_38' title="bbox 190 3525 1162 3612; baseline 0.012 -28"><span class='ocrx_word' id='word_1_298' title='bbox 190 3547 206 3584; x_wconf 78' lang='grc' dir='ltr'>ι</span> <span class='ocrx_word' id='word_1_299' title='bbox 229 3525 334 3603; x_wconf 76' lang='lat' dir='ltr'><strong>debet,</strong></span> <span class='ocrx_word' id='word_1_300' title='bbox 349 3537 549 3609; x_wconf 80' lang='lat' dir='ltr'><strong>praeterquam</strong></span> <span class='ocrx_word' id='word_1_301' title='bbox 564 3528 733 3591; x_wconf 85' lang='lat' dir='ltr'><strong>inerticula</strong></span> <span class='ocrx_word' id='word_1_302' title='bbox 756 3532 861 3591; x_wconf 89' lang='lat' dir='ltr'><strong>mortis</strong></span> <span class='ocrx_word' id='word_1_303' title='bbox 873 3531 995 3612; x_wconf 87' lang='lat' dir='ltr'><strong>quando</strong></span> <span class='ocrx_word' id='word_1_304' title='bbox 1007 3533 1085 3594; x_wconf 86' lang='lat' dir='ltr'><strong>atius</strong></span> <span class='ocrx_word' id='word_1_305' title='bbox 1099 3553 1162 3596; x_wconf 92' lang='lat' dir='ltr'><strong>non</strong></span> 
     </span>
     <span class='ocr_line' id='line_1_39' title="bbox 192 3614 1163 3696; baseline 0.014 -26"><span class='ocrx_word' id='word_1_306' title='bbox 192 3633 207 3670; x_wconf 79' lang='grc' dir='ltr'>ι</span> <span class='ocrx_word' id='word_1_307' title='bbox 229 3615 375 3694; x_wconf 81' lang='lat' dir='ltr'><strong>reperitur</strong></span> <span class='ocrx_word' id='word_1_308' title='bbox 397 3615 450 3696; x_wconf 87' lang='lat' dir='ltr'><strong>qui</strong></span> <span class='ocrx_word' id='word_1_309' title='bbox 469 3614 614 3694; x_wconf 60' lang='lat' dir='ltr'><strong>baptizem</strong></span> <span class='ocrx_word' id='word_1_310' title='bbox 640 3634 740 3694; x_wconf 83' lang='lat' dir='ltr'><strong>neque</strong></span> <span class='ocrx_word' id='word_1_311' title='bbox 765 3624 839 3679; x_wconf 87' lang='lat' dir='ltr'><strong>tunc</strong></span> <span class='ocrx_word' id='word_1_312' title='bbox 865 3619 958 3680; x_wconf 82' lang='lat' dir='ltr'><strong>uttam</strong></span> <span class='ocrx_word' id='word_1_313' title='bbox 980 3621 1163 3684; x_wconf 73' lang='lat' dir='ltr'><strong>mansuum</strong></span> 
     </span>
    </p>
   </div>
   <div class='ocr_carea' id='block_1_6' title="bbox 0 0 1289 3992">
    <p class='ocr_par' dir='ltr' id='par_1_11' title="bbox 0 0 1289 3992">
     <span class='ocr_line' id='line_1_40' title="bbox 0 0 1289 3992; baseline 0 0"><span class='ocrx_word' id='word_1_314' title='bbox 0 0 1289 3992; x_wconf 95' lang='lat' dir='ltr'><strong> </strong></span> 
     </span>
    </p>
   </div>
  </div>
 </body>
</html>
