2486 3984
404 258 491 306 atera
512 256 630 305 rumas.
944 241 997 304 llo

63 379 76 418 r
95 356 187 436 colel,
201 354 358 422 neruine.
374 355 469 437 Negat
482 353 627 432 eitiunt,
642 350 677 415 de
692 351 819 431 Ordine,
832 353 949 415 dissert.
961 356 999 431 3,

63 469 75 507 r
93 454 140 509 art.
153 450 179 510 3.
194 471 208 507 n

93 541 119 598 l·
131 539 169 599 lle
182 541 309 602 censuris
321 537 430 600 dicturi
444 553 550 600 sumus
560 535 591 597 in
605 533 693 597 tertio
707 533 801 606 libro,
820 531 854 596 dc
863 531 999 595 ludicii's.

64 629 181 705 Superest
193 647 260 710 ergo
273 637 306 692 ut
319 628 368 691 hle
380 628 498 690 lantum
514 631 670 688 tractatum
684 623 722 686 de
738 622 1004 705 irregularitalibus

64 716 237 780 instituamus.
256 717 488 801 Expendemus:
506 719 537 778 t⁰
551 713 628 787 Ouid
642 721 672 776 et
685 713 849 795 quotuplex
870 712 909 774 sit
931 712 1005 772 irre·

63 805 182 884 gularllas
193 815 220 869 et
233 807 425 890 quinamsint
440 805 519 868 illius
535 803 658 866 effeetus
670 824 678 880 ;
691 808 723 865 2⁰
731 801 889 876 Quomodo
904 799 1005 864 incur·
1223 857 1224 890 p

64 900 129 954 ratur
140 902 166 956 et
176 897 290 960 tolletur
298 894 520 978 irregularitas?
535 897 566 956 3⁰
576 896 720 966 Ouaennm
736 892 795 954 sinl
809 889 1008 972 irregulariter·
1223 899 1224 984 l

64 989 99 1043 tes
110 1002 141 1046 ex
156 984 280 1064 delicto3
298 991 333 1048 ιθ
349 989 494 1059 Quaeuam
508 984 566 1046 sint
584 982 816 1065 irregularitates
829 977 1005 1043 exdoleotu.

499 1181 553 1260 §n

89 1327 154 1404 Ouid
157 1335 184 1392 ct
190 1327 354 1413 quotuplex
365 1325 407 1390 rit
420 1325 634 1408 Irrepuloru'tos
649 1324 807 1407 erpuinum
821 1323 882 1386 u'nt
895 1322 978 1386 illiue

466 1423 591 1504 effectum.

96 1603 173 1664 tttt.
194 1603 244 1665 Sal
257 1597 461 1663 communiter
474 1595 617 1658 delmltur
633 1593 847 1676 irrepuluritoe
861 1616 872 1658 .·
886 1597 1013 1680 Impedi-

65 1697 172 1751 nurlum
188 1690 357 1753 canonicum
379 1685 585 1769 susceptionem
604 1683 741 1746 ordinum
767 1693 797 1746 et
821 1696 1014 1768 susceptorum

66 1796 132 1840 unna
145 1781 311 1864 impediens.

98 1873 123 1929 1⁶
131 1871 239 1933 Dicitur
250 1865 488 1951 impedimentum
496 1883 557 1926 non
568 1864 756 1948 poena‚quia
768 1864 1013 1948 irregularitates‚

65 1959 108 2018 etsi
120 1961 255 2040 prirenltt
271 1959 442 2040 receptione
455 1955 501 2018 nel
516 1955 656 2017 exercitio
671 1954 827 2030 ordinum,
846 1964 1017 2018 nontamen

66 2047 163 2127 privant
171 2050 294 2131 precise
308 2046 347 2108 ob
358 2045 479 2128 eulpam
491 2093 499 2122 ‚
515 2045 585 2107 oum
600 2043 661 2105 sint
673 2044 774 2126 plures
787 2045 1017 2127 irregularitates

64 2153 120 2214 qum
132 2139 148 2198 l
160 2138 267 2200 delicto
282 2155 343 2198 non
357 2135 556 2218 proveniunt,
572 2139 607 2196 ut
623 2142 694 2215 puta
710 2134 860 2216 pleraeque
874 2137 1018 2217 irregula-

65 2225 190 2288 ritateaeu
205 2227 336 2300 defectu,
353 2224 405 2287 sed
419 2225 534 2306 privant
545 2230 666 2304 propter
681 2223 880 2286 indecentiam
895 2245 963 2307 quae
977 2225 1020 2288 ln·

64 2323 128 2376 esset
143 2315 307 2399 receptioni
321 2313 367 2376 vel
388 2313 529 2376 exercitio
547 2311 688 2375 ordinum
703 2331 773 2376 cum
793 2313 903 2377 talibus
920 2315 1019 2378 delec-

65 2400 139 2464 tibus.

97 2497 177 2557 ttlt.
193 2529 234 2542 -
254 2498 288 2556 2⁰
313 2491 511 2567 Conouicum,
529 2489 558 2552 id
573 2495 618 2552 est
630 2491 798 2554 canonibus
819 2510 873 2554 seu
895 2493 1020 2558 decretio

68 2577 188 2646 Ecclesiae
207 2581 429 2647 introductum:
445 2580 649 2662 lrregularitus
670 2581 753 2643 enim
776 2599 838 2642 non
861 2583 1022 2645 incurritur

70 2667 114 2732 risi
127 2672 154 2733 in
172 2673 293 2736 casibus
304 2673 378 2753 jure
394 2669 585 2734 ecclesiastico
602 2669 765 2750 expressim
783 2688 845 2732 non
862 2672 931 2732 vero
948 2673 1023 2736 ultra

66 2771 113 2820 uec
125 2762 153 2822 in
166 2761 272 2824 dublo.
289 2764 372 2843 [Cap.
387 2761 418 2824 Is
431 2759 484 2844 qni
498 2763 547 2835 18,
563 2757 597 2820 de
610 2765 846 2831 sentnrcomm„
862 2760 893 2821 in
908 2763 963 2838 6⁰.)

98 2849 218 2913 Nomine
231 2859 333 2914 autem
344 2849 420 2930 juris
428 2848 550 2912 veniunt
564 2845 613 2908 hle
627 2848 744 2909 tanturn
758 2850 882 2912 Decreta
897 2852 927 2914 S.
944 2853 1023 2916 Pon-

67 2932 142 3000 tllrcis
152 2940 197 3002 vel
212 2940 337 3002 Concilii
351 2942 368 3000 t
383 2941 463 3020 Papa
480 2936 656 3021 approbati,
672 2955 732 2999 non
753 2945 854 3002 nutem
877 2941 1023 3023 eliorum,

68 3029 199 3092 decreuit
211 3027 410 3092 consuetudo.
425 3026 512 3091 Unde
530 3044 591 3088 non
609 3025 697 3090 datur
711 3028 913 3111 irregularitas
925 3034 1025 3096 Eccle-

68 3113 110 3174 sie
123 3117 262 3180 nationali
277 3117 323 3179 vel
337 3115 514 3180 Provinciali
529 3117 661 3198 propria.

100 3203 172 3268 lllno
185 3205 312 3269 infertur
332 3223 394 3268 non
412 3207 510 3268 ualere
529 3205 560 3266 io
584 3204 640 3268 hec
662 3207 787 3270 materia
810 3219 988 3293 argumenta
1009 3215 1026 3276 a

68 3293 138 3370 pari,
152 3313 209 3358 neo
226 3299 244 3358 n
264 3295 369 3376 majori
390 3295 427 3358 ad
450 3296 563 3357 minus.
585 3297 628 3358 Ita
648 3299 859 3363 communiter.
881 3301 910 3363 Si
925 3309 1027 3364 lamen

69 3377 207 3445 dubitetur
220 3403 260 3447 an
278 3385 479 3466 irregularitas
494 3385 531 3445 sit
544 3401 684 3466 expressa
698 3388 828 3466 injure,
844 3389 1028 3456 admittenda

69 3479 107 3530 est
120 3489 239 3552 semper
257 3492 291 3536 ac
310 3475 482 3536 communis
504 3491 611 3536 sensns
631 3477 693 3538 llll.
709 3484 739 3538 et
758 3481 944 3542 consuetudo
960 3499 1027 3544 enm

71 3553 218 3704 ¹lippitrlnt,
237 3561 305 3644 quia
317 3563 545 3645 illisuutoptimi
557 3563 630 3644 legis
640 3564 826 3647 interpretes.
838 3570 880 3645 (S.
893 3569 1027 3648 Lignum,

106 3653 156 3728 .'l,
169 3659 204 3712 n·
218 3655 306 3730 atu.)
