2522 3992
185 316 243 378 tae
402 331 539 380 uenusto
559 328 660 378 sortus
680 329 762 377 tusis
783 327 931 378 canneru.

186 445 373 492 reonsensu
403 425 575 502 romilius,
600 443 658 489 neo
685 425 925 508 Episcopum,
950 444 1007 489 nec
1031 425 1165 490 aliorum

188 541 201 578 r
226 518 487 590 monasteriorum,
503 513 671 577 dummodo
680 513 834 576 translatio
843 533 904 576 non
919 514 1021 577 afferet
1033 516 1070 576 iis
1084 535 1164 597 praa-

189 627 202 672 r
225 607 384 686 judicium.
396 629 411 666 r
431 609 461 668 S.
478 605 613 687 Lignum,
629 603 673 666 De
687 601 813 681 erevit,
825 612 858 664 n‘·
872 607 922 667 89.
935 603 1071 666 Sedvide
1086 604 1165 666 inira

188 699 298 776 (2566).

227 787 408 848 atuh-11.
427 783 529 862 Ouood
540 784 597 846 loci
608 782 787 867 parasitum:
800 789 918 845 certarm
931 787 976 845 est
989 799 1058 846 eum
1075 801 1165 865 posse

188 895 220 938 se
234 894 387 958 opponere
410 875 553 938 erectioni
571 873 640 936 novi
658 874 835 948 conventus,
851 871 876 934 si
889 872 955 953 ejus
967 875 1058 935 causa
1072 872 1165 935 detri-

189 973 326 1028 mentum
340 965 368 1026 ei
382 963 530 1026 obveniat.

229 1053 288 1116 Sed
315 1054 445 1117 multtum
470 1053 653 1134 disceptatur
675 1051 753 1114 inter
773 1051 945 1114 canonistas
965 1069 1004 1114 an
1026 1057 1167 1114 teneatur

191 1144 354 1224 Episcopus
374 1160 445 1205 cum
465 1161 572 1206 uocare
594 1148 627 1204 ut
647 1140 747 1204 audiat
763 1161 771 1202 ι
788 1140 939 1203 aflirmant
958 1139 1165 1221 pigneratus,

191 1231 309 1293 Cardin.
325 1235 423 1311 Petra,
439 1231 719 1313 Schinalzgrueher‚
735 1231 901 1292 Leurenius
915 1237 946 1292 et
958 1229 1165 1306 Reiffenstnel,

193 1329 221 1384 et
235 1323 370 1384 nituntur
393 1322 610 1386 Constitutione
631 1320 772 1397 Orontem
795 1337 886 1400 supra
900 1319 1168 1382 citatt'Clementis

193 1413 251 1471 l'lll
272 1411 395 1492 (ahts),
420 1411 471 1490 phi
495 1411 604 1474 dieitur
617 1409 699 1492 quod
714 1428 775 1472 non
796 1409 896 1471 solum
917 1416 988 1472 sunt
1009 1408 1126 1470 citandi
1140 1419 1169 1469 et

191 1499 329 1562 ‹rerelieuli
346 1502 468 1563 Priores
485 1519 534 1562 seu
553 1500 761 1562 Procuratores
781 1506 986 1561 conventuum
1000 1498 1167 1574 localium,

193 1590 242 1652 secl
252 1591 341 1652 etiarn
356 1591 411 1651 atii
426 1591 561 1652 interesse
575 1589 729 1662 habentes·
741 1595 852 1668 negant
866 1595 967 1650 tamen
982 1586 1085 1670 plures
1099 1587 1166 1652 alii.

193 1679 330 1742 uidelicet
356 1681 548 1755 Passerinus,
583 1678 768 1753 hordonius,
797 1675 1020 1757 rasquattgus,
1049 1676 1167 1736 Bollan-

193 1768 285 1846 diani,
301 1775 330 1831 et
343 1787 413 1831 cum
424 1771 467 1830 eis
478 1772 512 1828 ll.
531 1767 625 1830 Bouix
641 1765 829 1848 (Halimeti,
844 1771 918 1826 tom.
935 1769 965 1844 l,
980 1785 1001 1847 p
1027 1767 1102 1843 273)
1116 1765 1168 1846 qui

194 1859 332 1920 sicsunm
343 1865 443 1920 tuetur
458 1858 637 1918 sententiam
654 1876 663 1916 ε

235 1949 265 2006 Si
280 1945 445 2026 Episcopus
467 1953 618 2006 teneretur
632 1947 723 2007 citare
738 1951 767 2006 et
780 1943 885 2008 audire
900 1943 1068 2026 parochum
1083 1954 1168 2010 ante-

196 2053 287 2114 quam
308 2033 486 2096 concederet
508 2033 658 2095 licentiam
679 2051 789 2095 notum
814 2040 997 2096 contentum
1013 2033 1167 2115 erigendi,

196 2123 252 2184 hoc
267 2121 440 2204 procederet
454 2121 498 2184 rel
513 2122 540 2183 ri
555 2123 807 2185 constitutionum
822 2123 1064 2204 Apostolicarum
1078 2143 1169 2206 supra

197 2213 376 2286 relatarum,
392 2210 438 2273 rel
452 2230 489 2274 ex
500 2211 570 2273 aliis
587 2211 728 2274 Ecclesiae
749 2214 899 2288 Decretis;
914 2214 1005 2294 porro
1026 2223 1169 2277 neutrum

197 2299 254 2364 dici
271 2307 377 2381 potest.
688 2317 689 2320 ’
1072 2300 1075 2306 ’

236 2393 326 2454 2555.
352 2393 418 2452 Non
433 2394 553 2452 tenetur
569 2395 598 2452 t⁰
615 2409 622 2452 ε
639 2390 674 2452 Vi
688 2391 879 2472 praelatarum
893 2390 1167 2456 Constihrtionum:

201 2481 231 2543 in
252 2484 295 2543 eis
312 2498 374 2543 una
394 2481 509 2542 tantiam
532 2478 646 2560 phrasis
660 2479 690 2540 in
709 2481 835 2560 gratiam
855 2479 1000 2562 opposita
1014 2485 1170 2546 sententia

198 2571 352 2652 attegatur,
369 2569 423 2632 ista
437 2568 550 2631 scilieet
567 2588 574 2628 ε
590 2577 619 2630 et
639 2569 707 2630 aliis
722 2571 858 2632 interesse
870 2569 1058 2641 tabentibus:
1079 2574 1170 2654 porro

199 2679 233 2721 ex
251 2659 306 2720 luto
321 2658 419 2740 phrasi
435 2657 506 2718 nihil
522 2658 553 2718 in
565 2655 694 2719 fauorem
709 2657 947 2721 adversariorum
961 2659 1071 2723 deduci
1082 2662 1169 2738 salet,

200 2749 290 2810 modii
311 2747 375 2810 haec
396 2747 485 2810 rerba
507 2747 545 2810 de
568 2746 639 2809 solis
669 2747 855 2828 regularibus
875 2751 935 2810 sint
957 2747 1168 2832 intelligenda,

200 2846 289 2918 prout
303 2839 404 2899 reuera
423 2853 470 2898 res
485 2855 516 2899 se
532 2836 620 2898 hahet
635 2856 642 2897 :
660 2853 730 2897 nam
746 2840 776 2897 l⁰
790 2854 900 2918 scopus
922 2837 1039 2900 illarum
1054 2839 1170 2902 Consti·

202 2927 351 2987 tutionum
365 2933 408 2986 est
422 2932 455 2988 ut
476 2925 506 2986 in
525 2927 676 2987 erectione
697 2942 843 2988 novorum
859 2937 1079 3004 conventuum,
1094 2947 1170 3012 pne

201 3011 338 3077 careatur
355 3013 502 3075 damnum
523 3013 622 3094 quoad
645 3014 867 3095 praeexistentes
886 3025 1073 3094 musenius,
1091 3015 1171 3098 quod

200 3111 282 3185 patet
295 3121 330 3164 ex
346 3101 472 3182 proemii
499 3102 619 3163 verbis:
641 3125 656 3161 u
671 3105 710 3167 Ut
727 3102 758 3163 in
773 3103 944 3184 quibusque
956 3105 1126 3168 ciuitatibus
1145 3113 1171 3168 el

202 3212 217 3252 n
244 3191 331 3261 locis,
350 3206 433 3250 novae
445 3188 555 3251 donurs
568 3195 598 3252 et
621 3192 801 3253 monasteria
816 3193 982 3274 praesertim
997 3195 1171 3257 mendican-

202 3299 218 3341 ι
242 3279 317 3341 tium
333 3295 394 3338 non
418 3279 572 3358 erigantur
586 3280 641 3340 nisi
656 3281 687 3341 in
706 3279 858 3344 eisdem...
874 3281 1004 3344 aliorum
1024 3283 1172 3344 damonae

204 3391 219 3430 n
243 3377 273 3428 et
285 3365 527 3428 monasteriorum
541 3367 572 3426 in
585 3368 626 3428 eis
638 3368 824 3430 existentium
840 3371 942 3432 tuturo
958 3373 1088 3439 rulime.
1102 3393 1173 3434 com·

206 3478 220 3516 u
244 3454 325 3514 uode
346 3454 506 3514 sustentari
523 3473 603 3534 posse
622 3455 852 3534 dipuoscuntur:
865 3458 919 3520 aue
933 3460 1030 3540 ipitur
1044 3461 1171 3522 corride-

206 3563 221 3602 ι
244 3541 357 3604 ratione
374 3541 477 3620 ducti,
500 3550 557 3604 etc.
572 3546 664 3604 r-20
678 3546 722 3605 Ex
744 3545 850 3608 ultimo
867 3547 1003 3629 phraseos
1022 3551 1173 3612 monum-¹

209 3629 341 3690 decernit
354 3649 466 3711 quippe
486 3631 620 3692 Pontifex
638 3633 846 3696 concedendas
866 3655 925 3697 non
944 3653 1011 3698 esse
1027 3637 1066 3697 ab
1091 3639 1173 3717 Epis·

210 3719 292 3794 copis
306 3719 451 3799 licentias,
465 3719 547 3782 unisi
559 3719 725 3784 constiterit
736 3739 820 3784 norm
833 3723 1006 3802 hujusmodi
1013 3727 1172 3804 erigendis
