2522 4028
218 238 278 297 711
426 251 565 299 utrumn
585 250 691 300 rorms
712 251 794 298 runis
818 250 963 297 canonici.

218 363 307 423 dines
322 360 496 440 quosvelet
506 362 639 438 implere
652 361 719 422 sint
732 359 930 424 indecentia:
947 362 1098 424 sacerdos
1109 361 1200 425 eleu-

218 451 1196 530 dus,v.g.,potestcontessionesenciper03sicporiterciecus‚

216 547 247 603 ct
257 541 354 604 ctiam
369 539 574 620 Evangelium
589 545 730 604 cantaro.
755 539 843 624 (Gap.
856 543 886 618 7,
905 539 942 602 de
955 539 1055 602 cleric.
1071 547 1199 623 aeprot.)

258 631 345 690 1870.
359 629 393 688 ln
408 627 464 688 hoc
478 628 693 704 irregularitate
707 631 788 690 solus
798 629 876 708 l'apa
891 635 987 708 potest
999 625 1197 705 dispensare;
1254 696 1255 703 ,

216 733 278 778 non
291 715 478 797 dispensaret
494 721 596 778 tamen
618 735 689 778 cum
709 715 785 779 laico
812 734 892 779 eaeco
910 723 962 776 aut
982 713 1127 775 manibus
1144 731 1199 774 ca-
1253 797 1254 800 Ἴ

215 811 311 881 rente,
323 811 356 867 ut
369 803 573 867 consessiones
587 804 697 868 valeret
709 807 847 888 excipere
859 825 866 867 ε
879 803 1088 886 quiapotestas
1103 819 1200 882 super
1254 812 1255 837 ³

215 911 324 974 corpus
339 893 499 974 mysticum
513 892 657 956 fundatur
668 897 700 956 in
712 901 855 976 potestate
870 910 962 975 supro
980 891 1100 972 Corpus
1113 891 1199 953 reale
1254 894 1255 901 ’

215 981 333 1043 Christi.

256 1072 385 1131 Possunt
402 1069 491 1132 etiam
515 1070 632 1134 Praelati
659 1072 813 1154 regulares
834 1071 1009 1153 dispensare
1034 1086 1108 1131 cum
1134 1071 1200 1132 suis
1254 1072 1255 1137 Ῑ

215 1157 355 1230 subditis,
371 1157 468 1222 inhac
478 1159 708 1241 irregularitate3
723 1179 785 1224 non
796 1163 866 1224 verb
876 1157 1032 1242 Episcopi,
1045 1159 1097 1238 qui
1113 1157 1198 1220 dun·
1254 1174 1255 1197 ³

215 1253 294 1308 tanat
313 1253 438 1328 possunt
460 1247 611 1311 declarare
627 1249 657 1310 in
671 1249 765 1312 dubio
783 1267 821 1312 an
836 1248 969 1311 delectus
987 1264 1135 1328 magnam
1149 1246 1197 1306 rel
1254 1278 1255 1291 .

215 1334 310 1398 levem
325 1333 428 1410 alferat
444 1335 656 1400 indecentiam.
668 1338 762 1400 Valde
780 1337 933 1420 probabile
948 1333 1087 1416 estquod
1111 1333 1198 1396 idom
1254 1362 1255 1371 ¹

216 1424 352 1486 similiter
370 1426 486 1506 possint
507 1425 659 1490 declarare
682 1427 797 1490 Praelati
819 1426 972 1508 regulares
995 1430 1134 1504 respectu
1156 1424 1196 1484 ad
1254 1442 1255 1451 ¹

216 1531 286 1575 suos
301 1513 435 1575 subditos
447 1534 455 1590 ;
469 1513 521 1577 sed
534 1517 615 1578 recte
629 1517 739 1578 Suarez
751 1515 824 1577 dicit
837 1515 1018 1596 Episcopum
1037 1529 1127 1594 posse
1142 1513 1197 1590 111-

214 1601 328 1664 dicium
343 1602 458 1664 Praelati
473 1603 619 1685 regularis
631 1604 788 1668 admittere
801 1605 847 1667 vel
861 1605 996 1683 rejicere.
1009 1603 1040 1663 S.
1052 1600 1196 1682 Liguor,

215 1690 267 1755 lib.
290 1696 322 1771 7,
335 1709 369 1754 rr
381 1696 453 1756 ert.

588 1861 742 1924 PUNCTUll
762 1866 808 1925 lll.

268 1999 303 2042 nt
322 1997 558 2042 tamnominati
577 1999 614 2042 EX
632 1998 754 2074 uetuerit
774 1997 912 2059 darneto!
931 1995 1135 2042 rnovutttttttts.
1254 1962 1255 1977 γ

255 2133 343 2193 1871.
366 2129 548 2212 irregulares
568 2137 639 2197 sunt
659 2148 766 2216 omnes
779 2129 943 2212 illegitimi,
958 2129 1048 2192 etiam
1061 2129 1193 2192 occulti:

214 2219 255 2283 ite
268 2237 335 2302 cap.
353 2218 494 2295 1,(111111.
518 2217 554 2282 dc
568 2219 643 2302 filiis
658 2218 842 2302 Presbyter.·;
854 2225 883 2281 et
905 2217 948 2280 sic
966 2223 1086 2282 tenetur
1103 2236 1194 2281 conr-

213 2308 356 2370 muniter.
369 2311 409 2373 Ut
424 2307 569 2392 illegitimi
592 2309 695 2371 haberi
714 2327 776 2374 non
799 2306 912 2370 delient
931 2306 984 2368 lilii
999 2305 1194 2389 presbytero-

213 2414 283 2458 rum
297 2413 333 2458 ex
344 2396 432 2477 justis
443 2397 554 2479 nuptiis
567 2404 636 2462 ante
650 2396 849 2459 sacerdotium
864 2396 975 2478 geniti,
992 2413 1048 2458 nec
1062 2397 1195 2476 proinde

214 2491 284 2548 sunt
295 2485 492 2568 irregulares;
508 2485 578 2558 sed,
594 2486 632 2548 ad
646 2485 837 2549 avertendam
851 2485 1054 2566 suspicionem
1064 2484 1195 2548 haeredi-

212 2575 294 2638 tariae
308 2575 525 2648 successionis,
546 2576 593 2636 isti
616 2593 678 2638 non
692 2581 819 2656 possunt
841 2573 1007 2650 beneficia,
1022 2592 1091 2654 quae
1104 2585 1194 2656 puter

212 2663 361 2742 obtinuit,
376 2664 542 2746 consequi,
561 2663 618 2726 nisi
642 2663 742 2726 media
762 2681 892 2745 persona
912 2663 1119 2725 intercesserit.
1146 2667 1192 2728 lto

212 2753 299 2814 Gard.
318 2753 420 2835 Soglia
434 2754 519 2830 (lost.
526 2752 594 2834 jur.
609 2753 702 2834 pria,
717 2751 735 2834 ς
748 2756 807 2828 57).

253 2845 308 2904 187
312 2849 342 2903 2.
353 2841 475 2924 Triplici
486 2841 577 2904 modo
587 2841 760 2921 hujusmodi
775 2839 953 2922 irregulares
965 2840 1186 2924 legitimantur;

255 2932 287 2991 l⁰
300 2933 362 2996 Per
375 2931 543 3012 subsequens
560 2931 799 3007 matrimonium,
816 2938 992 2992 nontamen
1007 2930 1106 3012 quood
1121 2933 1191 2996 Gai·-

211 3017 401 3096 mutilatum,
419 3021 504 3099 juxta
523 3020 618 3082 Collet
632 3019 736 3102 (Cure.
752 3019 884 3100 complet.
898 3065 905 3096 ,
920 3025 943 3080 t.
961 3023 1009 3091 17,
1025 3019 1081 3081 col.
1100 3023 1185 3096 iili:

212 3107 305 3171 modd
319 3115 456 3192 tempore
469 3109 676 3190 conceptionis
689 3115 827 3190 parentes
841 3109 994 3188 potuerint
1004 3107 1100 3172 valide
1113 3127 1188 3172 cou-

211 3197 345 3276 traberc;
358 3197 440 3260 unde
449 3197 474 3260 si
484 3245 493 3271 ‚
505 3200 623 3259 mortua
637 3197 767 3278 conjuge
777 3243 784 3274 ,
796 3195 913 3258 adulter
925 3196 1016 3259 ducat
1029 3197 1188 3264 mulierem

211 3291 328 3368 exque
350 3286 447 3349 titium
469 3284 589 3358 habuit,
614 3285 668 3348 iste
690 3285 825 3348 manebit
846 3285 1044 3368 illegitimus:
1060 3303 1096 3348 cx
1117 3305 1185 3371 cap.

214 3374 325 3450 Tanto,
341 3373 394 3456 qui
415 3373 479 3456 fito·
495 3376 556 3436 sict
584 3371 722 3456 legitimi.
743 3375 775 3436 S.
799 3377 933 3456 Liguor.,
950 3373 1003 3436 lib.
1018 3379 1050 3451 7,
1066 3381 1184 3440 110111.

251 3473 339 3534 1873.
363 3471 393 3532 81
409 3471 488 3534 filius
502 3471 645 3534 naturalis
662 3470 828 3534 sacerdotio
847 3471 980 3533 initiatus
1000 3471 1104 3534 luisset
1116 3481 1187 3538 ante

210 3559 398 3638 subsequens
421 3560 649 3622 matrimonium
670 3567 850 3642 parentum,
872 3559 940 3622 licet
962 3559 1065 3622 illicita
1082 3559 1186 3626 luisset

210 3643 382 3726 huiusmodi
406 3648 538 3730 receptio
560 3647 716 3722 ordinum,
742 3646 938 3710 nihilominus
957 3647 1024 3710 tulis
1043 3650 1186 3714 sacerdos
