2528 3996
187 209 243 269 352
405 219 541 266 urrunnun
561 214 660 262 τοτιυ.ο
682 217 764 262 runis
784 215 932 261 cruosrcr.

185 337 295 400 gernere
307 317 466 396 (taetra).
482 318 556 378 Item
572 314 627 394 (n¹'
641 314 782 387 tou-ouo)
796 309 1115 391 deveremptiontbus
1131 328 1186 370 re·
1235 313 1236 386 ξ

187 409 334 489 pittatium
360 406 424 467 t'usd
446 403 653 466 disseruimus.
670 403 726 463 Hic
744 399 899 482 speciatim
914 397 1001 460 nobis
1021 405 1070 459 cst
1097 405 1187 458 trac·
1235 397 1236 478 p

189 496 312 558 tandum
327 495 365 556 de
380 494 561 572 regularium
577 489 748 573 pririiegiis
1235 537 1236 560 p

228 585 349 658 ttururit.
373 587 405 645 t⁰
419 581 494 655 Ouid
510 582 548 643 sit
568 589 599 642 ct
616 589 766 660 quatenus
778 577 831 640 sut
843 577 1088 642 communicatio
1118 577 1184 658 pri·

189 674 365 754 ritrgiorum
380 672 457 734 inter
466 670 639 751 regulares?

231 767 319 845 ttrsp.
336 765 367 824 1⁰
380 759 601 823 communicari
622 759 764 822 dicuntur
786 756 940 840 privilegia
961 753 1093 836 quando
1122 755 1183 816 uni

190 853 293 916 Ordini
309 869 452 914 concessa
465 849 531 912 atiis
543 848 705 910 Ordinibus
719 848 796 910 tiunt
808 845 994 910 communia.
1235 833 1236 914 i

230 947 320 1004 ruat.
336 941 421 1000 -020
437 941 479 1000 m
493 938 580 1000 variis
600 937 724 1000 consur.
752 939 804 1000 ss
830 933 1010 997 eonumum
1032 933 1113 996 turn
1132 935 1180 1008 u,
1235 915 1236 982 t

192 1031 301 1092 Leonis
315 1031 360 1103 X,
377 1029 408 1090 S.
425 1027 468 1088 Pii
482 1029 519 1102 V,
535 1035 606 1102 etc,
621 1045 728 1088 omnes
741 1025 946 1089 Mendicantrs
960 1022 1079 1084 habent
1094 1023 1183 1084 inter

192 1137 224 1181 se
239 1117 405 1179 absolutam
426 1125 457 1178 et
470 1113 714 1198 perfectissimam
728 1112 1036 1178 communicationem
1052 1113 1183 1194 privile

194 1207 312 1286 giorum
325 1227 333 1282 ;
348 1211 379 1268 et
391 1204 449 1267 hoc
470 1211 516 1267 est
533 1203 761 1285 intelligendum
777 1203 866 1264 etiarn
881 1202 919 1264 dc
932 1199 1105 1283 privilegiis
1120 1201 1181 1262 So·

194 1297 292 1356 cirrati
319 1297 391 1358 trsu
418 1295 579 1357 concessis.
595 1293 670 1355 Vide
695 1293 863 1372 uetffenst„
888 1290 940 1352 lib.
964 1293 1005 1367 5,
1030 1290 1082 1351 tit.
1113 1293 1178 1362 33,

196 1393 236 1444 n'·
251 1389 307 1458 55,
324 1389 381 1458 (343
398 1383 510 1463 Bouiny
535 1383 574 1447 De
586 1381 740 1462 Rapulcr„
755 1387 877 1458 tomu,
892 1399 922 1462 p.
937 1383 989 1452 tt,
1006 1385 1071 1441 etc.

236 1466 315 1539 liud,
328 1465 412 1543 juxta
424 1467 455 1526 S.
470 1463 591 1543 Liguor.
603 1463 694 1540 (uua
705 1511 712 1532 ,
725 1471 757 1523 n⁰
767 1465 839 1536 60),
855 1477 963 1523 omncs
977 1458 1113 1521 Ordines
1128 1478 1181 1520 re·

197 1553 328 1634 putares,
341 1553 567 1614 communicant
577 1552 737 1631 privilegiis
752 1551 880 1614 aliorum
894 1549 1066 1626 ominum,
1082 1556 1179 1631 prout

196 1651 225 1704 ct
241 1644 374 1722 ipsaemet
387 1641 551 1716 Mortales,
569 1640 660 1701 modo
681 1657 786 1702 eorum
805 1639 1030 1721 privilegiorum
1050 1639 1117 1700 sint
1130 1657 1178 1700 ra

198 1739 297 1813 puers,
313 1736 343 1792 et
357 1730 413 1792 hoc
427 1729 541 1790 etiarnsi
554 1729 710 1810 Episcopis
719 1729 939 1808 sintsubj‘ectae‚

237 1824 325 1881 2933.
346 1819 442 1880 «Haec
455 1817 740 1894 communionum„
756 1817 854 1898 inquit
865 1815 1060 1878 Reiffenstuel
1073 1815 1172 1892 (ibid.

199 1933 213 1966 υ
240 1917 271 1968 n⁰
290 1913 355 1984 tiu),
371 1908 465 1969 currit
482 1905 520 1969 dc
536 1907 667 1968 Pradatis
680 1907 718 1968 ad
733 1910 889 1984 Praestos,
901 1905 939 1968 dc
952 1905 1099 1970 fratribus
1111 1907 1176 1988 pri-

200 2019 214 2055 r
238 1996 310 2056 ratis
333 1995 370 2056 ad
392 1995 496 2056 tratres
512 1995 656 2075 privatos,
671 1996 709 2058 de
722 1995 919 2065 conventibus
932 1995 971 2058 ad
983 2003 1174 2070 conventus,

199 2106 215 2143 a
239 2084 276 2144 dc
288 2084 492 2145 festivitatibus
505 2082 542 2144 ad
558 2083 735 2146 festivitates.
752 2107 767 2142 u

241 2171 298 2232 Sed
321 2173 421 2232 iocum
444 2189 505 2232 non
529 2169 619 2234 habet
637 2173 661 2234 si
682 2173 870 2255 privilegium
888 2173 926 2236 sit
943 2171 1106 2254 proprium
1128 2175 1173 2236 ret

201 2261 287 2322 alicui
311 2259 470 2340 religioso,
486 2259 530 2322 rel
558 2261 646 2324 alicui
670 2263 820 2338 ecciesiae,
835 2262 876 2324 ob
898 2263 1048 2324 rationem
1062 2263 1174 2346 specis·

202 2349 317 2411 tumr.
334 2369 363 2430 g.
380 2348 420 2410 ob
434 2350 566 2431 aliquam
582 2351 744 2431 imaginem
760 2351 797 2414 ab
812 2351 936 2434 antiquo
950 2353 1088 2414 venerari
1103 2353 1172 2415 soti-

203 2449 261 2500 tnm
275 2487 282 2512 ‚
294 2440 337 2500 ret
352 2437 377 2500 si
392 2438 579 2520 privilegium
588 2440 1005 2523 sitconccssumcdtempus:
1018 2459 1076 2503 nec
1083 2443 1171 2504 etiam

204 2529 234 2589 su
249 2528 481 2590 cmumunicatiu
496 2529 719 2610 privilegiorum
730 2529 761 2590 in
776 2530 889 2611 iisque
899 2537 1081 2592 suntoontra
1091 2550 1171 2593 cons-

202 2619 356 2682 titutiones
369 2616 498 2680 Ordinis.
519 2617 590 2679 Vide
605 2617 739 2680 Proeleet.
756 2619 790 2680 S.
806 2618 957 2700 sulpitii,
973 2635 1007 2680 n⁰
1019 2623 1093 2682 464.-

243 2707 369 2780 Ouando
394 2707 602 2788 priritegium,
623 2707 711 2770 alicui
735 2707 838 2770 Ordini
859 2725 1056 2788 concessum,
1075 2711 1169 2791 quoad

203 2795 303 2878 ipsum
323 2803 490 2882 revocatur,
505 2814 566 2857 non
582 2795 649 2858 ideo
663 2805 803 2860 censetur
813 2798 1171 2879 revocatamquoadalros

203 2885 341 2948 Ordines.
357 2885 533 2962 (certmst,
549 2884 603 2961 it..
621 2895 652 2946 n⁰
666 2890 733 2966 oe.)

244 2977 332 3039 2936.
355 2975 445 3034 tuxia
458 2977 495 3035 D.
510 2975 605 3036 Bouix
620 2974 718 3052 (idid,
735 2994 766 3057 p.
783 2977 864 3054 385).
879 2976 1134 3060 congregationes
1141 2981 1168 3042 in

205 3061 317 3143 quibus
332 3078 392 3122 non
405 3062 584 3125 emittuntur
596 3071 663 3126 vota
675 3063 839 3142 solemnia,
853 3083 925 3128 oum
935 3066 1098 3148 privilegiis
1110 3069 1169 3132 reti
1235 3105 1236 3154 p

206 3149 361 3232 giosorum
375 3149 523 3212 Ordinum
538 3170 599 3214 non
626 3155 869 3230 communicant;
887 3161 918 3217 et
933 3157 1020 3234 Juxta
1032 3158 1169 3220 Analecta
1235 3167 1236 3216 t

207 3241 273 3319 (tu
297 3239 376 3316 lirr.‚
399 3239 457 3302 ool.
484 3243 564 3315 roo),
586 3241 700 3306 hocest
722 3243 868 3326 imprimis
890 3243 1054 3308 dicendum
1077 3248 1168 3328 quoad

207 3329 429 3410 curruptionem
451 3327 490 3391 ab
511 3329 689 3408 Ordinario,
705 3351 759 3414 pro
772 3337 833 3416 qud
846 3335 1009 3414 requiritur
1027 3334 1167 3400 indultum

207 3419 337 3498 spectate
355 3417 451 3480 :dicit
471 3425 572 3480 autem
587 3421 620 3481 P.
637 3422 788 3484 Oautretet
801 3421 918 3498 (Trcite'
928 3421 964 3485 dc
976 3423 1060 3485 t'e'tct
1072 3427 1165 3508 rctr'p„

209 3509 282 3566 torn.
299 3509 328 3583 t,
344 3525 375 3586 p.
393 3509 459 3587 138)
472 3521 480 3567 ε
495 3509 628 3570 «Toutes
638 3507 681 3570 tes
694 3510 903 3592 religieuses...
914 3514 1111 3578 memeceltes
1120 3517 1166 3598 qui

211 3613 225 3648 s
251 3611 288 3656 uc
302 3593 366 3657 font
379 3613 438 3674 que
451 3593 505 3658 des
518 3613 606 3658 voeun
619 3597 920 3678 simples,10uireent
934 3599 1104 3681 sentement.
1119 3605 1167 3670 do
