2486 3984
198 250 253 314 191
416 264 553 314 canuam
573 264 674 314 rarius
693 266 776 313 ruera
796 265 942 312 canonici.

236 370 324 432 1797.
347 365 377 430 Si
408 365 475 447 quis
503 363 615 446 duplici
638 368 766 427 censura
789 365 897 446 ligatus
924 363 1045 426 ordines
1070 383 1172 427 sacros

197 463 345 530 exerceat,
356 455 409 522 etsi
423 455 576 536 duplicem
588 454 836 536 irregularitatem
846 471 906 515 non
919 454 1065 528 incurrat,
1078 473 1172 514 unarn

197 551 296 608 tamen
311 544 459 608 contrahit
480 543 592 625 duplici
615 543 864 625 aequivatentem:
880 540 962 605 unde
979 542 1172 622 inpetitione

197 634 427 715 dispensationis
442 632 470 694 id
485 633 654 714 exprimere
667 631 767 708 debet,
781 634 865 711 juxta
880 633 911 694 S.
927 630 1048 712 Lignor.
1063 631 1170 708 (11117,

198 727 277 801 359).
293 723 351 786 Sed
365 722 432 785 vide
445 721 543 784 adhuc
555 721 634 784 dicta
648 739 739 802 supra
754 723 868 803 (1773).

237 813 267 874 Si
289 813 357 894 quis
371 817 472 874 autem
498 813 559 873 una
579 815 706 873 censura
727 811 835 892 ligatus
850 809 962 892 pluries
976 808 1112 873 exercuit
1127 829 1174 870 sa-

198 921 265 964 cros
279 901 419 977 ordines,
435 919 496 962 non
511 899 695 962 concordant
705 907 840 961 auctores
855 907 958 962 utrum
972 899 1175 980 multiplicem

199 990 331 1052 incurrat
345 989 606 1070 irregularitatem.
623 991 665 1050 ita
679 989 824 1070 Lequeux
840 989 889 1069 (n⁰
903 991 973 1062 519,
989 995 1061 1050 nota
1069 990 1111 1066 1).

579 1136 734 1194 PUNCTUll
755 1137 799 1194 111.

200 1251 237 1297 DE
258 1249 513 1298 lanuauaaalraru
540 1249 579 1294 EX
605 1247 762 1294 Exnncrmo
790 1247 906 1294 onustus
935 1247 1016 1300 QUI!
1036 1247 1176 1295 astricus

480 1329 538 1375 11οΝ
558 1329 655 1372 uxum
679 1328 891 1374 recremanda.

241 1444 328 1504 1798.
351 1440 481 1502 Clericus
503 1439 652 1516 scienter,
679 1437 777 1511 sarid,
802 1438 918 1500 temore
939 1455 975 1501 ac
998 1437 1176 1501 solemniter

200 1531 374 1593 ministrans
398 1530 428 1590 in
443 1527 548 1591 ordine
570 1545 655 1589 sacro
676 1545 768 1608 quem
787 1545 849 1588 non
873 1526 979 1604 habet,
1002 1526 1176 1608 irregularis

201 1621 297 1683 evadit
311 1638 346 1682 ex
369 1637 434 1700 cap.
459 1622 520 1680 191
544 1622 578 1695 9,
595 1615 629 1678 de
649 1614 754 1678 clerico
776 1635 833 1676 non
851 1615 948 1678 ordin.
972 1615 1101 1690 manin„
1124 1617 1174 1678 ubi

201 1709 309 1772 dicitur
324 1710 354 1770 in
373 1727 438 1789 cap.
457 1713 471 1768 1
491 1729 498 1766 :
517 1728 534 1766 u
549 1706 578 1767 Si
593 1705 662 1787 quis
675 1705 880 1785 baptizaverit,
896 1712 947 1766 aut
962 1703 1084 1786 aliquod
1097 1703 1172 1767 diri·

202 1821 216 1857 n
241 1817 315 1860 num
330 1797 461 1858 odicium
484 1795 653 1856 exercuerit
675 1812 737 1855 non
757 1793 929 1863 ordinatus,
945 1800 1068 1876 propter
1086 1803 1174 1856 teme-

202 1910 217 1946 n
241 1888 361 1946 ritatem
374 1883 536 1964 odja'ciotur
549 1882 582 1944 de
596 1884 627 1944 E
628 1881 740 1957 cotesto,
752 1889 781 1944 et
793 1901 939 1962 nunquam
953 1881 1120 1943 oramate.
1136 1905 1151 1942 n

242 1973 355 2035 Dicitur
368 1971 542 2055 objiciatur,
558 1979 614 2033 etc.
630 1989 637 2030 :
653 1971 926 2033 excommunicatio
942 1989 1015 2052 ergo
1025 1978 1124 2053 potest
1135 1973 1171 2033 illi

203 2062 297 2144 infligi
313 2082 321 2138 ;
337 2069 467 2123 attanren
483 2063 513 2122 S.
533 2061 689 2141 Lignorius
702 2059 774 2122 dicit
793 2059 859 2122 haec
872 2059 962 2122 acrba
980 2060 1173 2141 intelligenda

203 2169 268 2214 esso
281 2151 319 2211 de
332 2150 519 2228 depositione
534 2149 595 2224 (lib.
612 2153 642 2218 6,
659 2159 692 2209 n⁰
708 2151 818 2216 119111
835 2148 920 2219 sinet.

242 2232 416 2310 irregularis
428 2239 527 2293 autern
541 2233 648 2300 evadit.
661 2235 762 2314 quoad
776 2235 914 2296 ordinem
927 2252 1018 2317 quern
1034 2235 1173 2298 nondum

202 2320 304 2392 habet,
317 2339 377 2380 tion
389 2320 458 2382 xerd
468 2321 566 2402 quoad
575 2323 696 2384 ordines
705 2342 782 2404 quos
791 2325 851 2402 jam
865 2325 951 2386 habet
964 2345 973 2400 ;
984 2325 1061 2387 hene
1070 2336 1172 2387 tamen

202 2409 219 2472 d
240 2411 375 2488 proxime
387 2419 526 2490 suscepto
540 2429 704 2491 suspensus
720 2419 763 2473 est
778 2433 831 2493 per
845 2413 999 2475 biennium
1019 2416 1170 2476 191111911-

201 2499 304 2566 nium,
321 2509 355 2562 ut
368 2499 493 2562 habetur
509 2501 538 2560 in
555 2520 620 2578 capu
639 2503 807 2578 '‘leiusdern
823 2503 909 2566 tituli.
928 2501 1002 2566 Vide
1017 2503 1176 2575 Reidenst.

202 2590 292 2670 (part.
313 2593 343 2652 a.
361 2589 411 2651 tib.
426 2593 456 2660 5.
478 2593 588 2664 11128,
609 2587 650 2651 n¹¹
667 2593 686 2652 3
701 2599 729 2654 91
751 2591 795 2664 1).
813 2593 978 2654 autarcen
1000 2597 1172 2674 suspensio.

201 2679 232 2742 C.
250 2680 376 2760 npouot.
398 2678 469 2741 Sed.

242 2767 378 2829 Diximus
392 2765 422 2828 in
437 2767 616 2848 praecedenti
637 2776 750 2851 puncto
768 2775 868 2853 (1799)
882 2774 956 2858 quid
968 2793 1025 2859 per
1036 2778 1172 2842 celebra·

202 2855 316 2918 tionem
330 2855 496 2918 solemnem
510 2857 548 2918 sit
561 2856 799 2940 intelligendum.

243 2947 330 3006 1799.
355 2947 401 3004 An
416 2951 516 3005 autem
531 2945 623 3008 laicus
637 2965 779 3010 exercens
790 2955 892 3012 actum
906 2951 1022 3016 ordinis
1036 2955 1112 3018 sacri
1129 2957 1173 3022 in·

202 3039 302 3096 currat
315 3032 575 3112 irregularitatem,
592 3035 775 3118 probabilius
790 3045 916 3120 negatur
930 3060 938 3102 1
954 3043 1026 3123 quia
1039 3044 1071 3104 in
1085 3045 1173 3109 titulo

202 3121 324 3203 capituli
334 3120 424 3183 modd
434 3121 530 3198 relati,
541 3125 654 3185 mentio
664 3123 915 3192 tittantummodc
924 3128 962 3192 de
972 3131 1172 3197 ciericovide

202 3211 234 3273 S.
251 3211 371 3292 Lignor.
389 3211 451 3288 (lib.
468 3214 499 3285 6,
515 3229 548 3272 n⁰
559 3215 627 3291 116,
642 3212 710 3276 dub.
721 3217 752 3292 3)
759 3236 768 3291 ;
785 3218 928 3298 Lequeux
937 3221 982 3300 (m
996 3223 1078 3300 518);
1095 3223 1173 3286 Reis-

202 3298 330 3363 fenstuei
343 3298 439 3379 (ibid,
456 3318 489 3360 n·
505 3303 564 3378 10).

243 3392 329 3452 tacu.
353 3388 496 3450 Sacerdos
515 3407 576 3450 non
598 3391 800 3473 approbatus,
820 3394 890 3457 licet
902 3403 1007 3476 peccet
1025 3405 1055 3460 et
1069 3405 1172 3464 actum

202 3477 320 3542 nullum
334 3477 421 3540 laniat
433 3478 610 3558 excipiendo
624 3481 843 3544 contessionem
858 3533 865 3556 ,
881 3485 952 3565 quia
963 3485 1172 3565 iurisdictione

202 3578 298 3643 caret,
321 3583 383 3627 non
405 3567 529 3628 incurrit
550 3575 652 3631 tamen
672 3570 936 3652 irregularitatem,
959 3577 1033 3657 quia
1050 3587 1173 3644 exercet

203 3665 312 3805 actrpppJ
321 3652 436 3716 ordinis
448 3673 538 3736 quem
550 3659 614 3735 jam
626 3661 728 3722 revera
741 3660 840 3724 habet.
857 3663 888 3726 S.
913 3663 1048 3744 Lignea,
1063 3666 1118 3730 tib.
1135 3674 1170 3746 7,

204 3760 240 3804 11ο
315 3783 323 3803 .
