2522 3992
200 221 261 281 tto
422 231 562 280 uerutus
582 229 688 276 cortus
707 223 788 272 rums
807 216 948 268 sanabor.

659 364 707 426 ttt.

407 523 445 572 mr
466 521 532 571 verr
551 517 737 570 oarurrnrru
756 509 969 563 souuamrara.

235 685 324 746 ates.
348 681 424 744 Satis
438 679 566 742 difficilis
577 685 621 741 est
634 678 759 760 questio
773 676 812 740 de
825 677 1015 740 solemnitate
1028 679 1088 740 voti
1103 678 1173 740 obe·

196 771 317 834 dientiae
331 769 477 850 religiosae
493 788 501 831 ε
517 769 712 831 communibs
729 775 829 829 autem
849 769 912 828 ub.
928 768 1086 830 sententiaa
1101 769 1172 830 Sua·

196 861 263 922 rezii
279 859 442 922 adbaerent.

236 951 324 1012 iuxta
340 947 421 1010 bunc
434 947 578 1009 eximium
592 946 797 1028 'lbeologum‚
814 944 970 1008 observato
983 946 1064 1028 qudd
1075 945 1113 1007 de
1127 965 1170 1024 se,

197 1037 410 1100 nonobstante
431 1043 500 1098 voto
518 1035 712 1108 obedienliae·¹
729 1035 822 1117 possit
836 1035 1013 1116 religiosus,
1029 1035 1125 1096 aalide
1144 1044 1173 1097 et

197 1125 434 1206 independenter
457 1127 474 1187 a
496 1143 551 1186 suo
574 1127 750 1205 superiore,
770 1143 836 1186 sese
854 1125 943 1186 variis
957 1124 1054 1186 modis
1071 1124 1173 1186 derio-

197 1215 259 1277 cire
288 1221 352 1276 tum
381 1233 451 1295 erga
475 1216 570 1276 Deum
596 1222 660 1275 tum
683 1232 755 1293 erga
778 1212 919 1274 homines
941 1239 948 1275 :
969 1233 997 1274 r.
1027 1233 1071 1294 g.,
1102 1232 1173 1292 erga

197 1305 295 1366 Deum
313 1351 322 1380 ,
337 1303 472 1366 vovendo
493 1313 643 1366 certarum
665 1321 788 1383 precum
810 1303 1035 1375 recitationem,
1051 1302 1173 1382 aliquod

197 1394 281 1475 pium
297 1395 489 1467 exercitium,
505 1393 712 1472 abnegationis
725 1401 836 1464 actum,
848 1399 923 1466 etc.;
937 1410 1007 1473 erga
1022 1391 1172 1466 homines,

197 1499 230 1544 se
244 1482 405 1564 obligando
422 1482 459 1544 ad
475 1481 654 1544 servandum
669 1481 791 1562 aliquod
806 1490 974 1555 secretum,
990 1480 1028 1541 ad
1046 1481 1175 1544 olleren·

197 1576 266 1633 dam
290 1572 411 1634 missam
428 1592 482 1653 pro
503 1573 618 1646 amico,
639 1569 676 1631 ad
695 1569 882 1632 reddendum
898 1571 1007 1633 librum
1022 1571 1077 1632 sibi
1093 1591 1175 1633 cont-

198 1661 366 1732 modatum,
378 1661 414 1722 ad
426 1659 1176 1742 expendendamaliquamquaestionem,addicen-

197 1750 267 1812 dam
280 1771 365 1813 suam
380 1751 578 1816 senteutiam,
594 1757 621 1810 et
637 1749 730 1810 multa
744 1749 799 1810 alia
816 1749 1006 1826 hujusmodi:
1023 1750 1175 1831 siquidem

198 1839 272 1901 nibil
290 1849 334 1900 est
349 1842 379 1900 in
394 1840 510 1900 talibus·
523 1839 754 1918 obligationibus
775 1837 856 1919 quod
878 1839 1123 1920 incompossibile
1138 1842 1175 1902 sit

197 1947 269 1990 cum
283 1928 378 1989 tribus
395 1929 470 1988 votis
490 1927 526 1988 ad
550 1927 743 1988 substantiam
759 1927 826 1988 ritae
845 1927 990 2008 religiose
1005 1929 1173 2008 requisitis3

198 2017 272 2084 hoe,
289 2017 428 2098 inquam,
439 2017 608 2084 observato,
625 2017 782 2078 Suarezius
797 2017 838 2077 ait
855 2017 912 2076 voti
929 2015 1110 2080 obedientia
1126 2037 1175 2082 so·

200 2105 382 2167 lcmoitatem
397 2106 425 2166 in
439 2123 475 2166 eo
493 2106 656 2167 consistere
670 2105 750 2186 qudd
764 2107 789 2166 ri
807 2105 977 2183 huiusmodi
993 2109 1051 2167 voti
1062 2154 1070 2179 ,
1082 2109 1176 2188 Supe-

200 2194 260 2255 rior
279 2194 440 2272 Religionis
455 2202 628 2276 potestatem
648 2193 754 2255 balteat
769 2194 900 2256 irritandi
922 2213 1029 2257 omnes
1048 2197 1176 2278 promis

199 2281 299 2345 aiones
313 2285 329 2344 b
345 2284 494 2364 Religioso
517 2284 578 2345 sire
598 2285 660 2344 Deo
677 2283 738 2344 sive
757 2281 931 2345 bominibus
949 2291 1016 2366 post
1031 2286 1174 2348 emissum

200 2372 415 2454 professionem
431 2373 532 2435 lactas.

240 2466 329 2528 turta
342 2461 483 2526 eumdem
499 2467 653 2524 auctorem
665 2461 730 2524 haec
740 2468 869 2543 potestas
883 2463 1095 2544 Superioribus
1109 2467 1176 2528 reli·

201 2554 291 2638 giosis
304 2552 424 2615 otnrnb
435 2599 442 2626 ,
455 2571 516 2614 non
529 2571 565 2614 ex
574 2552 600 2613 vi
610 2553 733 2633 praecise
741 2551 907 2613 traditionis
916 2571 1006 2634 quam
1018 2555 1176 2636 religiosus

200 2644 268 2706 lecit
284 2642 312 2704 in
326 2645 380 2704 sua
395 2641 590 2723 professione,
605 2639 657 2701 sed
667 2658 703 2702 ex
717 2641 784 2719 jure
799 2641 934 2722 positivo,
948 2659 1058 2724 nempe
1067 2664 1102 2706 ex
1116 2645 1177 2708 dis-

201 2731 433 2816 positionelegis
442 2730 659 2794 ecclesiasticae:
672 2729 753 2810 quod
762 2731 925 2792 canonista
937 2732 1064 2812 probare
1077 2735 1176 2797 solent

201 2840 238 2884 ex
252 2821 339 2882 variis
359 2821 497 2902 capitulis
514 2820 591 2900 juris
608 2819 745 2880 canonici
760 2825 791 2881 et
807 2819 955 2901 imprimis
972 2839 1039 2903 cop.
1055 2823 1094 2884 Si
1106 2823 1175 2886 reli-

200 2909 354 2990 piesasb'l,
364 2908 551 2984 deelertr‘oae,
568 2908 598 2969 in
608 2913 651 2984 6⁰,
663 2907 714 2970 ubi
729 2907 924 2988 diciturqudd
934 2911 1175 2991 religiosuseelle

201 3006 229 3058 et
244 2997 319 3058 aelle
332 3016 392 3058 non
403 2997 528 3058 babeat:
546 2997 597 3059 sed
616 2997 680 3058 haec
694 2998 803 3059 solutio
815 2997 987 3062 difficultate
1006 3019 1067 3062 uon
1081 3009 1169 3066 earet

241 3088 361 3149 Etenim
373 3087 573 3148 communiter
584 3085 712 3168 theologi
723 3086 828 3148 dicunt
837 3087 1006 3168 superiores
1020 3089 1176 3171 religiosos

202 3175 312 3237 battere
327 3181 501 3256 potestatem
523 3177 660 3237 omniunt
676 3193 800 3237 suorum
821 3175 1010 3238 subditorum
1024 3186 1090 3242 vota
1105 3181 1167 3242 rrri.

202 3265 300 3328 tandi.
316 3271 345 3324 et
359 3263 429 3324 illud
444 3261 583 3345 quidem,
598 3265 624 3324 vi
641 3264 792 3345 potestatis
809 3263 1000 3327 dominativae
1021 3269 1176 3352 quaeipsis

203 3351 343 3432 competit
356 3399 364 3416 .
377 3371 436 3413 non
445 3353 543 3413 solbm
559 3369 629 3434 erga
648 3353 803 3433 religiosos
817 3351 991 3416 solemniter·
1005 3357 1175 3438 professos,

204 3441 358 3502 sedetiam
374 3459 444 3522 erga
458 3459 509 3501 eos
526 3442 577 3522 qui
599 3441 746 3522 simplicia
759 3449 825 3504 vota
844 3442 1003 3504 emittunt:
1024 3445 1176 3526 siquidem

205 3529 268 3588 baec
284 3537 410 3608 potestas
423 3528 605 3590 dominativa
619 3530 712 3592 oritur
721 3549 757 3592 ex
768 3531 925 3593 traditione
939 3551 1031 3613 quam
1045 3539 1091 3596 sui
1106 3533 1178 3598 lacit

206 3618 305 3676 omnis
318 3635 404 3680 verus
418 3617 591 3698 religiosus,
606 3619 661 3680 etsi
675 3618 823 3701 simplicia
834 3623 953 3682 tantbm
962 3630 1030 3716 pota
1042 3623 1175 3686 emittat:
