2522 3992
186 131 244 200 llil
405 147 542 196 uerutis
561 141 663 194 ronne
683 139 765 191 iuris
785 137 935 186 canonici.

184 245 360 327 Superiores
376 243 506 308 habeant
528 241 699 306 facultatem
713 237 848 302 irritandi
866 233 1059 300 subditorum
1081 244 1182 318 vota,

184 352 251 416 qum
266 333 332 396 talis
351 332 390 396 sit
406 335 456 396 cui
479 331 652 395 renuntiare
675 327 809 410 possint,
830 324 881 390 sed
904 324 968 388 baec
985 324 1081 388 debet
1104 345 1183 390 esse

183 431 335 508 perpetuo,
366 428 395 484 et
419 419 631 490 immutabilisr
654 417 745 500 poird
765 413 967 497 supradictam
988 413 1180 478 facultatem

184 509 374 574 renuntiandi
387 510 447 590 juri
463 507 595 572 irritandi
606 503 883 578 votasubditorum,
895 503 1180 584 Superioribusre-

185 598 297 682 ligiosis
310 597 415 662 adimit
434 598 483 662 teir
500 595 700 662 ecclesiastica
716 599 850 658 statuens
867 591 1095 658 solemnitatem
1110 595 1176 656 soti

185 687 363 752 obedientiae
378 687 537 768 religiosae,
553 691 583 748 et
595 689 637 746 ita
649 681 755 744 adimit
766 689 799 744 ut
812 679 885 763 ipsis
897 680 1022 744 concedi
1039 700 1108 744 non
1127 703 1178 745 ra·

186 777 258 839 leret
269 776 325 838 nisi
339 775 454 840 sublata
467 774 654 836 solemnitate
668 770 758 834 trium
773 775 927 848 votorum,
938 775 972 834 ut
987 769 1068 836 intra
1079 770 1173 836 dice-

189 865 378 943 mus(2504);
390 861 741 942 underotaemissapost
755 857 971 940 professionem
992 858 1172 923 soleinnem

186 950 293 1014 irritari
310 957 437 1034 possunt
450 953 467 1014 a
482 949 694 1032 Superioribus
706 994 714 1024 ,
725 947 841 1012 etiamsi
851 947 889 1012 ab
908 947 981 1029 ipsis
996 948 1172 1030 approbata

186 1041 310 1102 tuissent
319 1039 499 1122 (S.Liguor.,
512 1039 563 1102 lib.
575 1043 606 1114 3,
618 1040 897 1118 n⁰239letsemper
907 1036 1012 1100 irritari
1020 1043 1172 1118 poterunt

187 1127 332 1211 quamdin
347 1127 548 1192 remanebunt
560 1127 691 1210 religiosi
706 1143 779 1189 cum
792 1127 867 1190 iotis
882 1124 1081 1191 solemnibus.

228 1219 352 1280 Possem
364 1217 487 1299 quidem
501 1224 568 1280 vota
588 1216 678 1280 etiam
697 1213 824 1294 irritari,
845 1231 917 1278 casu
938 1233 1000 1296 quo
1019 1224 1169 1281 voventes

188 1315 287 1370 essent
299 1313 351 1368 aut
368 1305 475 1368 tierent
494 1303 624 1388 religiosi
644 1322 715 1377 cum
733 1303 809 1366 votis
830 1303 1035 1386 simplicibus;
1059 1305 1116 1368 sed
1136 1309 1167 1370 in

188 1395 246 1458 lioc
258 1413 349 1473 casii,
365 1402 509 1478 potestate
528 1396 578 1456 illa
592 1391 725 1456 irritandi
746 1410 812 1454 sese
827 1393 956 1476 spoliare
971 1403 1096 1476 possent
1111 1415 1166 1460 su·

188 1487 339 1567 periotes,
362 1484 451 1550 eliani
474 1502 545 1550 cnm
567 1481 693 1564 simplici
718 1480 836 1544 licentia
858 1481 1015 1558 Ecclesiae,
1038 1482 1116 1548 dum
1132 1485 1164 1546 in

188 1593 257 1637 casu
270 1593 330 1656 quo
343 1580 411 1636 voto
424 1582 494 1638 sunt
507 1572 664 1645 solemnia,
675 1571 731 1634 hoo
745 1588 777 1634 se
793 1579 947 1654 nequeunt
960 1570 1090 1654 spoliare
1105 1575 1165 1638 nisi

189 1665 268 1745 Papo
288 1671 407 1726 revocet
429 1663 527 1744 legem
550 1664 610 1746 que
630 1659 731 1722 statuit
752 1659 971 1723 solemnitatem
990 1669 1132 1728 votorum
1155 1683 1163 1724 :

189 1753 270 1816 unde
289 1760 369 1834 patet
389 1751 574 1824 facultatem,
591 1767 682 1832 quarn
706 1747 817 1812 babent
834 1749 1011 1830 Superiores
1031 1751 1163 1832 religiosi

190 1841 322 1903 irritandi
337 1847 422 1916 rota,
441 1859 500 1902 non
520 1857 586 1900 esse
606 1837 759 1914 eamdem,
775 1837 897 1919 quando
915 1839 1014 1920 agitur
1030 1839 1070 1904 de
1087 1841 1163 1904 votis

190 1929 386 2010 simplicibus,
402 1947 436 1990 ao
455 1927 576 2010 quando
590 1927 687 2008 agitur
701 1926 739 1990 de
754 1925 828 1988 votis
847 1927 1050 2005 solemnibus;
1066 1937 1097 1992 et
1109 1949 1161 1994 so·

191 2019 374 2080 lemiiitoteni
397 2017 454 2078 voti
478 2016 654 2078 obedientiae
680 2035 741 2078 non
763 2015 927 2098 procedere
947 2035 984 2080 ex
1002 2017 1161 2083 traditione

191 2111 235 2168 sut
251 2125 341 2188 quain
357 2105 426 2168 facit
445 2105 603 2188 religiosus
617 2105 801 2186 prolitendo,
817 2105 869 2166 sed
887 2124 952 2170 essa
966 2107 1161 2172 institutionis

190 2195 410 2265 ecclesiasticae,
422 2195 497 2256 sicut
511 2195 729 2256 solemnitatem
742 2193 874 2258 duorum
885 2195 1013 2260 aliorum
1022 2204 1158 2262 votorum

191 2284 330 2348 castitatis
343 2291 372 2345 et
388 2284 578 2366 paupertatis.

596 2388 749 2436 scnouuu.

230 2463 319 2524 tabo.
342 2459 463 2522 Dictum
491 2459 547 2524 luit
567 2479 656 2542 supro
678 2464 777 2543 (alea)
797 2463 973 2546 Superiores
993 2465 1155 2548 religiosos,

192 2547 219 2612 vi
241 2547 455 2611 dominationis
478 2566 571 2630 quam
591 2557 732 2616 exercent
754 2551 785 2614 in
809 2551 960 2632 subditos,
985 2563 1155 2636 potestatem

192 2637 301 2702 babere
329 2637 462 2702 irritandi
492 2638 595 2702 oniniu
621 2638 741 2702 illorum
765 2647 833 2704 rota
858 2649 888 2706 et
913 2644 1154 2724 promissiones:

192 2727 367 2808 excipienda
387 2735 457 2791 sunt
477 2733 577 2788 tamen
599 2727 738 2808 quaedem
756 2737 824 2794 vota
844 2749 852 2792 ε
876 2750 986 2814 nempe
1005 2737 1036 2798 l·
1058 2741 1154 2798 votum

192 2816 387 2878 Protessionis
408 2815 574 2896 religiose,
596 2816 744 2898 siquidem
764 2819 885 2884 nonnisi
912 2839 966 2902 por
988 2819 1153 2902 hujusmodi

193 2913 294 2968 votum
337 2903 479 2986 Superior
519 2903 609 2966 babet
648 2911 856 2974 auctoritatem
895 2909 928 2974 in
964 2911 1153 2992 religiosum

197 3005 229 3046 2⁰
243 3002 309 3056 rota
321 3011 389 3073 quae
404 2992 434 3052 in
454 2991 634 3074 quibusdam
650 2995 876 3076 Religionibus,
900 2997 1077 3066 abactuteet
1094 3002 1154 3064 alis

192 3101 252 3164 que
272 3079 470 3166 dependentia
488 3081 681 3164 Superiorum
693 3131 701 3162 ,
715 3085 957 3167 superadduntur
976 3087 1071 3152 tritius
1084 3090 1153 3153 rotis

192 3171 357 3244 consuetis,
368 3188 396 3230 v.
408 3188 451 3250 g..
468 3177 570 3232 uotum
586 3170 773 3236 olistinentiae
787 3175 866 3256 apud
884 3175 1043 3251 Minimus,
1057 3187 1151 3242 uotum

193 3257 360 3322 redimendi
373 3258 504 3336 captivos
518 3258 597 3339 opud
613 3262 777 3342 lleligiosos
796 3264 831 3326 de
845 3265 986 3344 Mercede,
1001 3275 1078 3330 eta:
1092 3267 1151 3332 ride

195 3350 287 3410 tollet
311 3349 365 3424 (De
397 3345 512 3410 Virtute
532 3347 705 3430 Religionis,
722 3371 790 3432 pars
812 3358 847 3430 2,
863 3373 930 3435 cap.
953 3359 989 3432 ὅ,
1012 3356 1049 3422 de
1071 3357 1148 3438 Vota,

160 3497 165 3504 ,
194 3447 228 3496 n⁰
242 3439 325 3509 2‹t3);
341 3441 372 3496 3⁰
385 3435 485 3516 plures
498 3443 635 3498 auctores
647 3439 800 3520 excipiunt
813 3449 916 3508 votum
929 3444 967 3509 ad
981 3446 1149 3511 strictiorem

195 3521 381 3600 Religionem
398 3523 588 3602 transeundi;
604 3525 690 3608 quia,
701 3529 801 3609 quoad
814 3530 896 3594 buno
909 3533 1081 3615 transitum,
1091 3534 1148 3598 reli·
