2534 3996
190 208 250 270 313
409 224 548 270 annosae
569 223 669 270 roaros
689 225 770 272 aaars
790 223 939 272 cauomcr.
1250 253 1251 282 p

229 321 638 402 Respondetaffirmativdst.
656 322 830 399 Bouixlib.
846 343 876 404 p.
896 323 984 401 tom:
1001 325 1170 406 «Pugnat,

190 411 345 491 sindolt,
367 411 397 472 in
425 410 562 472 terminis
579 410 669 502 qudd
698 412 867 474 Canonicus
889 412 1077 492 Theologalis
1105 433 1172 478 non
1250 427 1251 484 t

191 519 206 558 a
231 501 266 560 sn
277 500 454 563 Canomous
467 501 570 579 Ergo..
577 517 657 560 ,aron
670 506 766 580 potest
780 499 876 561 lacere
890 501 1056 581 Episcopus
1067 511 1102 564 ut
1116 505 1174 585 qui
1250 497 1251 542 t

192 609 206 648 s
230 589 400 652 Canonicus
422 594 563 666 nonest,
579 588 1015 669 sitGanonicusTheologalis.
1031 613 1047 648 n
1065 593 1103 652 ht
1124 611 1173 655 re

191 680 259 740 reri
274 677 385 740 lorte'
363 696 407 741 stc
421 677 510 740 hodie
524 684 569 740 est
581 677 762 747 dicendum.
778 676 828 738 ubi
840 677 1005 740 Praebenda
1018 680 1173 744 canonia·

193 766 229 828 lis
256 767 428 849 'l'heologali
455 767 634 848 assignatur.
658 765 716 828 Sed
737 767 808 828 edm
828 785 865 827 ex
894 767 1008 830 Concil.
1031 768 1170 833 Trident.

192 873 284 936 supra
297 856 407 924 relato,
422 855 481 918 alio
503 854 594 916 modo
610 861 709 935 posset
732 855 825 936 ipsius
847 855 1052 918 sustentationi
1068 859 1172 937 provi·
1250 885 1251 902 i

193 943 268 1018 deri,
282 963 343 1005 non
358 943 475 1007 videtur
488 962 542 1006 cur
559 943 583 1005 is
596 943 648 1025 qui
660 945 828 1006 canonicus
839 961 898 1005 non
912 951 968 1015 est,
984 943 1010 1006 Τ
1007 944 1173 1024 leolopalis
1250 987 1251 990 =

194 1051 258 1095 esse
273 1033 420 1112 nequiret.
436 1035 501 1096 Imd
512 1033 597 1112 juxta
607 1051 673 1114 cap.
692 1032 767 1109 (iulo
780 1032 941 1108 nonnullis,
952 1032 986 1094 de
1000 1033 1171 1114 llopisnna,

195 1121 283 1182 etiam
314 1121 501 1204 Theologalis
524 1121 573 1184 cui
601 1121 762 1202 prebenda
785 1123 801 1184 a
825 1121 961 1203 Capitulo
987 1124 1173 1204 assignatur,

199 1233 214 1267 n
235 1228 296 1270 non
320 1217 441 1292 propter
463 1210 521 1273 hoc
538 1209 665 1272 efficitur
684 1210 868 1280 canonicus,
884 1209 937 1271 sed
951 1209 1053 1272 tandiir
1068 1212 1174 1274 soliun

195 1320 210 1358 a
236 1297 370 1361 redditus
391 1301 471 1382 ipsos
496 1301 651 1381 percipere
674 1306 772 1381 potest
791 1299 936 1381 quamdiu
958 1301 1116 1382 perstiterit
1138 1303 1171 1364 in

197 1387 420 1450 »docendos

184 1541 187 1547 ,
235 1480 324 1540 3300.
347 1476 499 1558 Quidquid
527 1477 563 1539 sit
590 1476 628 1537 de
649 1476 707 1538 hdo
726 1477 907 1558 causticae,
927 1479 983 1542 osi
1003 1482 1172 1548 Praehenda

197 1586 212 1622 n
235 1565 423 1646 'l'lreologalis
438 1573 537 1640 vacat,
549 1565 646 1646 inquit
655 1565 787 1628 Ferraris
797 1567 837 1644 (νο
847 1565 1058 1642 (ononicotus,
1070 1580 1124 1632 art.
1135 1577 1169 1650 3,

197 1675 211 1711 n
237 1653 277 1714 nr.
292 1658 330 1716 33
344 1657 470 1734 etseq),
487 1655 594 1734 poterit
608 1653 773 1735 Episcopus
787 1654 937 1735 applicare
950 1655 1065 1720 fructus
1078 1661 1170 1723 alicui

197 1765 212 1800 a
236 1761 373 1825 personae
388 1750 471 1804 extra
484 1742 673 1823 Capitulum,
684 1761 753 1823 quae
763 1743 898 1824 suppleat
907 1763 1020 1808 munus
1035 1747 1168 1827 legendi.

198 1853 212 1888 a
238 1836 269 1892 S.
286 1833 380 1911 Cong.
396 1833 502 1908 Cone„
519 1832 549 1890 in
565 1829 732 1904 Camerini,
749 1833 769 1894 8
782 1831 856 1893 l.ebr
874 1836 961 1894 1333.
979 1833 1092 1898 Sthaec
1106 1856 1173 1918 per·

198 1943 213 1978 n
238 1938 312 1980 sona
325 1928 408 1981 extra
427 1875 596 2000 Capitulum
611 1918 718 1992 debet
734 1919 757 1981 si
778 1919 942 1998 reperiatur
957 1920 1063 1984 idonea
1073 1927 1171 2008 ‚eligi

199 2030 213 2066 o
238 2008 270 2070 in
291 2006 617 2069 clericissaecularibus
640 2008 681 2084 (S
707 1965 740 2068 d.
763 2007 876 2088 Episc„
899 2011 999 2072 doct.
1017 2015 1128 2082 1573<-
1120 2015 1172 2085 si

198 2119 213 2154 s
238 2098 308 2158 vead
319 2095 468 2158 saecularis
482 2095 608 2158 idoneus
619 2113 679 2158 non
695 2095 908 2176 reperiatur...‚
923 2096 1041 2158 donee
1035 2103 1171 2164 antenia-

200 2209 214 2244 a
238 2192 287 2247 tur
301 2183 469 2264 'theologus
483 2184 668 2246 saecularis...
682 2187 763 2260 (nom
772 2185 1171 2270 CanonicatuSTheologatis

200 2297 215 2334 o
239 2274 346 2336 clerico
356 2274 672 2354 saccutari‚nuoquan1
683 2273 888 2354 rerdregulari
899 2274 1169 2356 commendassem,

200 2385 214 2423 a
240 2381 277 2424 ex
291 2364 321 2424 S.
346 2363 403 2424 uit.
420 2363 528 2442 Cong.‚
551 2361 631 2442 apud
652 2360 795 2440 Gardell.,
811 2373 844 2422 η·
858 2366 907 2438 tl)
922 2381 1029 2425 omnes
1042 2365 1170 2440 (tructus

200 2473 215 2512 n
240 2451 421 2528 Praebendae)
436 2450 571 2513 tradendi
591 2456 661 2512 sunt
681 2449 832 2531 Superiori
847 2449 973 2528 alicujus
990 2451 1104 2515 ordinis
1117 2455 1170 2536 qui

200 2565 215 2602 a
240 2549 325 2605 curet
337 2547 372 2604 ut
385 2541 494 2622 aliquis
506 2557 543 2600 ex
554 2539 617 2600 suis
631 2539 817 2619 regularibus
830 2539 951 2621 publice
961 2541 990 2602 io
1002 2541 1169 2607 cathedrali

201 2653 215 2692 o
240 2630 372 2694 Ecclesia
384 2629 489 2691 doceat
503 2630 624 2690 Sacram
639 2627 843 2708 Scripturam‚
859 2637 966 2710 prout.
983 2639 1040 2694 etc.
1055 2653 1071 2691 a

239 2725 329 2784 3301.
352 2721 473 2792 Ouaerit.
489 2722 522 2782 3ο
536 2720 641 2782 Utrum
655 2717 841 2799 'theologalis
862 2717 901 2779 ab
914 2718 1062 2802 Episcopo
1076 2723 1170 2803 possit

201 2810 238 2873 ad
254 2819 360 2872 nutum
376 2809 531 2872 revocari?

242 2897 413 2981 Respondet
429 2898 563 2978 negative
577 2895 658 2959 idem
670 2895 766 2958 Bouix
780 2896 835 2969 me
852 2895 1015 2977 Capitulis,
1032 2915 1063 2977 p.
1083 2901 1165 2978 toa),

202 2989 289 3070 quia,
302 2987 418 3068 inquit,
434 2986 594 3067 Episcopus
609 3006 665 3046 non
677 2993 771 3067 potest
786 2985 994 3047 Cononr'cotum
1013 2984 1167 3069 l'lteolopo·
1250 2995 1251 3040 t

203 3078 259 3140 lem
273 3095 386 3148 creare,
405 3075 465 3134 nisi
474 3095 528 3155 per
540 3075 684 3136 decretum
697 3073 832 3154 eripendo
846 3074 876 3134 in
896 3073 921 3135 T
919 3074 1095 3154 deoloqnlem
1111 3077 1168 3139 Ca·

202 3168 366 3227 nonieotum
387 3163 513 3243 aliquem
535 3163 775 3238 determinatum,
797 3171 826 3225 el
846 3161 898 3224 itti·
922 3164 1115 3227 Canonicolua'
1137 3167 1167 3226 in

199 3264 372 3338 perpetuum
385 3251 666 3313 annectendomnnns
680 3251 830 3331 l'lieolopt‘:
841 3251 879 3312 ita
887 3259 920 3314 ut
929 3252 1022 3332 ipsius
1030 3257 1046 3312 'l
1055 3253 1167 3316 itularis

201 3351 337 3406 teneatur
350 3341 379 3403 in
396 3351 572 3422 perpetuum
586 3341 727 3422 'theologi
738 3339 867 3402 odicium
884 3341 1018 3421 implere.
1031 3342 1089 3402 Sed
1104 3341 1168 3405 tac

202 3441 277 3494 ratio
293 3449 352 3493 non
368 3430 481 3492 ridetur
494 3449 619 3493 cinnano
633 3433 814 3492 convincens
828 3449 835 3489 :
851 3430 961 3491 etenim
977 3447 1036 3491 nain
1053 3429 1167 3494 ridetur

203 3519 405 3584 necessarium
421 3520 503 3600 quod
522 3519 686 3601 Episcopus
699 3537 752 3600 per
765 3517 919 3580 decretum
933 3519 1029 3599 erigat
1041 3519 1165 3583 canoni·

203 3615 304 3671 catum
318 3609 349 3670 in
362 3607 587 3688 Theologelem:
601 3611 673 3668 cum
686 3624 724 3668 ex
736 3605 848 3670 Concil.
864 3604 996 3668 Trident.
1013 3623 1105 3686 supra
1118 3625 1165 3670 re·
