2534 3996
158 221 214 286 tot
374 235 511 282 uenuste
531 231 631 281 rarius
650 231 731 282 Junrs
752 228 901 279 assumat.

196 338 226 396 1⁰
247 331 403 395 Probabile
416 349 482 394 esse
492 333 608 394 Statum
617 331 792 412 religiosum
806 325 969 410 aliquando
983 326 1128 390 exstitisse

157 440 226 486 eum
248 421 312 484 solo
325 429 432 502 quarto
447 420 627 502 paupertatis
641 419 756 502 gradu,
781 417 961 480 excludente
985 415 1128 478 duntaxat

159 527 245 576 usum
259 511 500 592 superlluorurn;
516 507 642 591 proinde
653 507 805 584 probabile
812 525 878 569 esse
889 505 973 568 illurn
988 513 1129 586 quartum

158 599 283 681 gradum
307 598 444 662 sufficere
456 597 494 660 ad
514 602 675 660 essentiam
694 599 792 659 Status
807 595 949 676 religiosi.
968 597 1002 656 ln
1026 593 1130 676 proba-

158 688 271 751 tionem
290 687 375 750 allert
394 689 586 768 antiquorum
605 686 804 748 solitariorum
819 683 1014 765 exemplum,
1031 691 1060 745 et
1083 683 1130 745 in·

158 771 1132 859 superellegatquddhujusmodipaupertatisgradussufficienter

160 861 1128 948 totlatnnpedimenaperfectionisacquirendae.vedast..urano.

160 953 234 1017 Vide
248 957 338 1016 ctiam
353 953 446 1015 llouix
461 952 527 1028 (ib,
542 960 616 1015 tom.
632 957 643 1014 l
660 999 668 1028 ‚
683 971 714 1034 p.
731 958 792 1030 tlt).

200 1045 289 1104 2482.
311 1046 344 1104 2⁰
366 1045 479 1104 Tarnen
507 1041 692 1124 probabilius
715 1059 780 1105 csse
802 1041 934 1124 viguisse
958 1059 1078 1122 semper
1099 1039 1130 1103 in

161 1131 293 1193 Eccleslt
306 1131 425 1194 tertium
439 1130 621 1214 paupertatis
635 1130 762 1212 gradum
775 1179 783 1202 ,
799 1132 851 1213 qui
871 1150 980 1214 nempe
1002 1129 1132 1193 excludit

164 1239 250 1282 usum
271 1222 347 1300 juris
367 1239 419 1282 seu
443 1219 715 1302 independentem;
738 1220 807 1302 quie
830 1221 996 1302 proprietas
1016 1219 1132 1282 ridetur

162 1327 328 1392 repugnare
342 1311 431 1372 statui
445 1309 633 1390 perfectionis
650 1329 656 1370 :
673 1309 818 1392 quamdiu
833 1310 915 1372 enim
930 1329 978 1372 res
990 1316 1132 1372 tractetur

162 1405 195 1461 ut
209 1400 339 1481 propria,
355 1407 472 1461 amatur
485 1405 519 1461 ut
533 1399 664 1482 propria,
680 1406 731 1460 aut
745 1399 850 1461 saltem
865 1398 949 1462 valde
963 1397 1131 1460 timendum

162 1493 208 1550 est
254 1504 294 1548 ne
324 1488 419 1550 taliter
432 1496 567 1559 ametur.
583 1488 664 1553 unde
678 1507 763 1550 emor
777 1507 837 1549 non
852 1495 896 1549 est
911 1505 1016 1569 purus.

203 1576 305 1648 Quoad
323 1578 469 1640 solitarios
492 1579 642 1658 antiquos,
664 1577 838 1659 responderi
855 1583 952 1658 potest
981 1576 1047 1638 illos
1061 1594 1133 1639 sane

163 1665 303 1729 babuisse
322 1668 469 1748 quosdam
491 1670 661 1748 superiores
684 1667 825 1746 aquibus
840 1665 1027 1748 pendebant,
1043 1667 1134 1729 etiarn

164 1757 262 1837 quoad
278 1773 366 1819 usum
377 1757 538 1832 bonorum,
553 1755 686 1837 alioquin
698 1773 758 1816 non
770 1755 896 1818 luissent
909 1755 969 1817 aeri
985 1755 1131 1837 religiosi3

163 1849 232 1906 cirnr
248 1863 353 1906 omnes
376 1844 533 1906 admittent
547 1843 707 1924 aliqualem
722 1843 924 1906 obedientiam
945 1845 1134 1907 essentialem

164 1951 226 1994 esse
242 1936 334 1995 Statui
351 1935 500 2015 religioso.
516 1935 607 2014 Ergo,
623 1938 681 1994 cta.
693 1932 769 1995 llide
782 1934 927 2012 (tetriore,
948 1933 1003 2013 ila,
1016 1952 1049 1996 no
1057 1939 1113 1998 201
1122 1955 1131 2012 ;

166 2023 348 2098 Bituix,r'b.,
366 2043 395 2103 p.
412 2027 460 2086 98.
536 2074 542 2081 .

204 2115 291 2172 utet.
315 2113 434 2182 Quaerit.
451 2117 484 2175 2⁰
499 2116 545 2175 An
561 2113 598 2176 ad
612 2114 773 2178 essentiam
793 2114 892 2177 suros
905 2113 1036 2195 religiosi
1051 2113 1133 2177 suffl-

164 2198 222 2259 ciat
242 2200 344 2262 tertius
371 2199 481 2280 gradus
504 2205 702 2285 paupertatis,
731 2205 777 2266 rel
801 2223 840 2267 an
866 2204 1001 2266 absolute
1025 2205 1063 2265 sit
1085 2223 1135 2267 ne·

164 2288 308 2386 cessarius
323 2307 391 2350 secu
393 2289 473 2439 qrdus
486 2290 597 2375 gradtu
605 2292 767 2356 excludens
776 2292 1008 2355 omnisdominii
1020 2293 1132 2356 licitam

165 2390 384 2456 possessionem

204 2461 295 2542 ltesp.
320 2461 502 2528 Affirmstive
515 2463 616 2545 quoad
628 2467 758 2545 primun
768 2465 946 2545 questionis
958 2474 1093 2540 mamm.
1106 2473 1135 2527 et

165 2550 302 2628 negative
319 2553 419 2634 quoad
440 2551 626 2629 secundam3
642 2559 672 2614 et
688 2557 834 2630 probatur
848 2551 881 2612 lt
903 2552 1044 2631 exemplo
1060 2551 1140 2615 snti-

164 2653 297 2716 quorum
316 2644 527 2724 religiosorum
547 2643 600 2724 qui
615 2645 648 2704 ut
666 2639 730 2704 reri
750 2639 885 2722 religiosi
903 2657 1025 2722 semper
1051 2636 1141 2703 babiti

164 2725 299 2805 luerunt,
315 2735 422 2813 quales
436 2734 467 2796 S.
491 2731 653 2809 Antonius,
689 2730 722 2793 S.
745 2730 872 2804 titinio,
887 2735 967 2806 etc.;
995 2730 1087 2812 porro
1101 2728 1143 2794 itti

166 2815 267 2879 Sancti
292 2821 433 2900 quedam
463 2819 682 2902 possederunt,
711 2819 913 2884 condiderunt
932 2823 1134 2896 testamenta,

165 2909 434 2990 successionesque
448 2910 613 2974 aliquando
626 2909 781 2990 accepere.

209 3016 226 3056 a
245 2997 291 3058 On
306 3003 411 3060 trouve
425 2987 560 3078 quantae
573 2999 611 3061 de
623 3005 798 3062 testaments
814 3003 846 3063 et
862 2999 899 3062 de
913 2997 978 3083 legs
1001 3001 1068 3068 lsits
1082 3019 1137 3086 par

163 3105 180 3143 s
204 3085 413 3149 desAbbes'et
425 3089 478 3148 des
503 3090 662 3164 obsesses,
678 3091 775 3170 inquit
798 3091 841 3152 lle
857 3091 1031 3173 Bre'quigny
1045 3101 1074 3154 et
1093 3097 1138 3157 llu

164 3191 180 3232 a
203 3174 287 3235 Tbeil
307 3173 445 3254 (Colleet.
461 3173 510 3238 des
527 3177 656 3250 Clrurtes,
676 3187 749 3242 tom.
768 3178 822 3254 tl:
840 3198 880 3242 on
895 3197 915 3262 y
929 3191 1000 3262 peut
1017 3183 1082 3244 noir
1107 3183 1137 3246 lc

164 3281 179 3320 o
204 3269 365 3326 testament
377 3264 415 3326 de
429 3267 471 3328 Sl·
487 3267 562 3328 Fare
576 3287 613 3328 en
631 3272 728 3331 632...
743 3269 888 3330 Msbillon
903 3271 946 3332 dit
966 3289 1026 3351 que
1040 3271 1139 3335 c’e'tait

164 3371 179 3408 s
205 3350 326 3440 ljusage,
342 3355 585 3419 non-seulement
598 3375 636 3420 en
657 3357 784 3432 France,
801 3359 876 3420 mais
889 3359 966 3422 dans
979 3359 1023 3422 les
1037 3370 1140 3426 autres

165 3453 180 3493 s
204 3441 303 3518 Etats3
320 3451 350 3504 et
365 3463 424 3524 que
445 3455 492 3509 cet
506 3465 598 3528 usage
620 3447 723 3511 n'e'tsit
736 3448 821 3529 point
842 3449 1013 3512 condomae
1028 3453 1139 3533 parles

165 3543 182 3586 ι
206 3530 274 3608 plus
296 3532 389 3594 saints
402 3551 615 3618 personnsges
636 3545 754 3600 surtout
775 3537 911 3621 lorsqu'il
931 3539 1077 3621 s'agisseit
1099 3539 1139 3606 de

164 3635 181 3676 ι
205 3617 266 3694 legs
282 3618 411 3696 piens...
434 3623 539 3691 c'ttait
552 3626 663 3708 l’usage
677 3645 716 3689 au
729 3627 876 3709 septicius
898 3627 1002 3710 eleale,
1015 3629 1060 3694 dit
1071 3630 1139 3696 Ma·
