2528 3996
468 273 554 321 crena
575 275 692 326 antuus.
1006 271 1065 336 583

94 386 109 425 n
134 383 223 430 suum
237 367 318 432 velut
331 367 499 436 dominium
514 373 661 452 naturale3
674 378 713 442 ita
727 378 792 444 haec
802 387 896 445 mater
905 383 1067 465 spiritualis

41 503 43 508 .
93 476 109 514 n
134 461 230 538 potest
244 459 423 540 praeeipere,
439 463 471 523 in
485 461 531 524 his
545 483 613 544 quae
626 465 663 526 ad
678 486 763 530 suam
778 470 1066 537 administrationem

92 567 108 603 n
135 546 295 626 pertinent.
320 548 392 612 Haeo
414 553 515 612 aulem
529 561 658 633 potestas
679 575 716 618 ex
732 566 799 621 roto
813 563 925 638 oritur,
945 581 1003 626 nec
1015 582 1066 626 re-

92 656 108 692 n
134 640 248 715 pngnat
261 638 392 717 separari
416 639 595 721 apotastate
613 644 865 722 jurisdictionis...
889 653 941 714 Est
965 660 1065 718 autem

91 745 107 780 a
133 721 304 802 hujusmodi
331 733 462 808 potestas
477 730 509 790 in
528 729 648 795 leminis
671 753 790 818 semper
818 741 914 821 magis
942 741 1065 806 limitata

92 834 107 870 a
133 816 224 894 quiam
239 815 270 874 in
281 815 406 892 viris...;
422 823 453 879 et
465 818 533 881 ideo
547 819 585 882 ad
596 821 804 888 deliniendum
819 837 931 910 quanta
945 829 984 892 sit
1001 830 1065 896 hac

92 923 107 958 a
132 909 260 982 potestas
275 903 305 966 in
319 905 446 987 singulis
461 907 640 988 Abbatissis,
660 914 801 994 specialia
818 923 931 982 statuta
947 924 978 983 el
998 939 1064 1002 pro

92 1013 108 1050 a
134 991 205 1072 priae
219 993 484 1058 constitutiones...
502 999 695 1063 consulendae
709 1010 791 1066 sunt.
807 1027 822 1063 n

132 1083 221 1144 3041.
238 1083 273 1144 Vi
288 1081 374 1146 dictae
388 1085 552 1165 potcstatis,
564 1088 773 1170 Superiorissae
783 1101 910 1176 possunt
918 1103 984 1160 vota
996 1099 1065 1162 suo

89 1168 220 1232 ditarum
237 1171 370 1250 irritare;
386 1172 439 1236 sed
462 1173 492 1236 in
511 1175 546 1237 iis
565 1175 738 1259 dispensare
760 1190 934 1264 nequeunt,
955 1205 1011 1250 nec
1032 1189 1063 1251 in

89 1257 206 1339 legibus
220 1261 372 1338 Ecclesia,
388 1268 478 1343 prout
491 1263 521 1324 in
533 1265 668 1344 jejuniis,
683 1268 881 1348 abstinentiis,
896 1273 987 1337 divini
1001 1277 1064 1340 olli·

89 1347 127 1412 cii
146 1351 335 1426 recitatione,
364 1369 421 1414 nec
445 1352 476 1413 in
499 1353 695 1418 observantiis
714 1360 920 1439 regularibus:
937 1375 1062 1446 possunt

87 1441 205 1500 tantiam
221 1439 373 1502 declarare
387 1440 436 1502 hio
450 1448 480 1503 et
493 1461 576 1504 nuno
589 1445 750 1507 monialem
764 1465 823 1510 non
835 1453 928 1512 teneri
942 1453 996 1516 litto
1011 1462 1063 1518 aut

88 1525 139 1588 itte
152 1529 282 1608 regulari
296 1530 482 1592 observantia
494 1579 502 1608 ‚
516 1533 586 1613 qnia
599 1533 636 1594 ad
650 1533 885 1618 dispensandum
902 1545 1062 1622 requiritur

88 1614 344 1692 jurisdictio-S.
357 1620 477 1700 Lignor.
497 1627 597 1684 tamen
610 1623 671 1700 (lib.
688 1629 718 1702 l,
735 1639 769 1686 n⁰
783 1629 832 1705 53)
848 1627 920 1690 dicit
934 1649 984 1692 eas
995 1632 1062 1696 bord

85 1723 167 1786 posse
179 1705 344 1790 dispensare
357 1712 603 1775 acccuratissime
618 1713 763 1790 Prolati,
778 1723 812 1778 ut
826 1724 931 1780 notant
940 1721 1058 1796 Lezun.,

87 1793 244 1872 Tarchon,
255 1816 325 1859 cum
342 1798 472 1861 dlex...:
488 1799 605 1864 ethanc
619 1801 789 1866 facultatem
803 1804 913 1868 habere
927 1827 962 1868 ex
977 1829 1060 1871 com·

87 1884 291 1947 rnnnicatione
306 1887 529 1969 privilegiorum
544 1889 645 1968 (ilic,
665 1893 714 1970 01)
722 1912 729 1968 ;
751 1892 790 1954 ita
812 1895 900 1956 etiam
924 1897 958 1958 P.
984 1899 1061 1962 Gau-

85 1972 172 2034 trolet
186 1973 303 2050 (Troite‘
312 1975 346 2036 de
361 1975 445 2037 l'ttot
458 1976 558 2054 relic„
571 1985 644 2041 tom.
660 1984 689 2052 2,
704 2001 733 2062 p.
749 1986 838 2062 203),
856 1984 1008 2066 loquendo
1022 1989 1060 2051 de

88 2060 251 2124 abbatissis
274 2071 304 2125 et
328 2066 538 2147 Superiorissis
561 2067 740 2132 monialium
758 2073 879 2154 proprie
893 2074 1056 2155 dictarum;

86 2169 149 2211 non
163 2159 264 2214 autem
279 2153 319 2215 ila
333 2155 423 2216 sentit
436 2155 473 2217 de
491 2157 701 2238 Superiorissis
716 2161 973 2226 Corumunitatum
988 2185 1059 2248 qua·

87 2239 130 2300 les
145 2258 226 2303 nunc
240 2242 270 2303 in
286 2243 513 2311 Galliaexstant.
523 2244 579 2308 nisi
589 2246 631 2308 eis
642 2245 705 2309 haec
716 2256 846 2329 potestas
856 2251 893 2314 ab
904 2254 1058 2337 Episcopis

87 2327 175 2391 luerit
185 2349 348 2394 concessa:
365 2332 417 2394 sed
432 2333 562 2395 diximus
577 2350 666 2415 supra
685 2339 784 2416 (3038)
799 2341 962 2423 Episcopus
977 2344 1007 2404 in
1022 2364 1058 2409 eo

85 2435 148 2479 non
163 2437 250 2500 posse
264 2420 457 2503 dispensare;
474 2422 554 2484 unde
576 2425 811 2487 examinandum
826 2435 904 2489 essct
925 2449 964 2491 an
983 2431 1059 2494 adsit

84 2507 117 2569 in
133 2507 189 2570 hoc
204 2509 335 2590 legitima
349 2510 548 2573 consuetudo.

125 2601 214 2661 ama.
229 2602 391 2682 Nequeunt
405 2601 515 2681 pariter
530 2600 694 2665 Abnattssae
707 2605 826 2684 publice
842 2611 873 2668 et
886 2605 1059 2670 solemniter

83 2685 283 2751 benedicere:
300 2691 371 2770 quia
385 2690 421 2752 ad
433 2689 491 2752 hoc
501 2691 667 2753 necessaria
677 2700 721 2754 est
735 2701 864 2774 potestas
877 2696 1016 2760 clavium.

125 2777 253 2839 30t3.tti
263 2787 362 2840 autem
371 2779 457 2841 diotae
467 2779 828 2861 potestatisdominatirae,
838 2785 1054 2866 Superiorissae,

84 2867 167 2947 juxta
182 2868 373 2944 Suarezium,
388 2880 514 2950 possunt
536 2869 694 2951 prohibere
713 2871 800 2934 alicui
821 2875 943 2936 moniali
969 2895 1007 2939 ne
1027 2877 1058 2942 in

84 2959 166 3018 certa
192 2957 242 3019 dic
265 2961 468 3021 communicet
486 2966 608 3041 propter
622 2960 754 3042 aliquam
768 2963 1055 3047 transgressionem,

83 3053 135 3108 aut
149 3047 307 3108 neintersit
316 3048 502 3110 orationibus
513 3048 542 3109 in
551 3051 705 3112 communi
716 3050 779 3113 fieri
791 3051 995 3126 solitis‚etalia
1004 3057 1058 3120 hu·

80 3135 230 3215 jusmodi;
243 3135 295 3198 sed
311 3155 372 3198 non
388 3143 515 3218 possunt
528 3137 664 3201 subditas
677 3139 810 3222 obligare
823 3149 856 3204 ut
871 3142 1058 3224 frequentius

82 3225 129 3285 vel
156 3226 257 3288 minus
277 3224 451 3307 frequenter
480 3245 596 3289 sacram
619 3231 867 3292 communionem
888 3233 1055 3314 accipiant:

81 3314 155 3396 quia
169 3333 223 3396 per
236 3315 452 3378 confessarium
466 3315 524 3378 hoc
537 3315 729 3379 determinari
745 3317 844 3390 debet,
860 3327 890 3380 et
901 3339 960 3382 non
971 3341 1057 3404 expe·

80 3403 162 3466 dirct
175 3404 257 3483 quod
270 3405 327 3467 tale
340 3407 390 3485 jus
403 3405 806 3488 exercuer·int8nperiorissae
820 3409 906 3484 (Vide
926 3409 1057 3475 OEuoraa

86 3491 122 3551 de
139 3492 271 3564 Bassum,
285 3503 359 3554 tom.
376 3495 426 3566 30,
441 3493 525 3555 lettre
540 3497 590 3567 53,
604 3511 633 3574 p.
649 3497 718 3566 074,
729 3493 869 3578 Versail.)
885 3499 1057 3560 :docmina

87 3581 171 3640 enim
192 3582 258 3662 cogi
278 3580 389 3644 debent
408 3583 552 3644 moniales
573 3583 610 3644 ad
631 3586 941 3664 communicandum,
964 3589 1054 3651 eliam

86 3669 197 3730 dicbus
210 3689 264 3751 per
274 3672 409 3752 regulam
423 3673 593 3752 assignatis,
610 3673 633 3734 si
648 3675 892 3739 mellirsaestimet
905 3678 1054 3741 contessa·
