2550 3992
313 221 397 268 cisen
418 221 580 270 ssouuooa.
597 235 636 252 -
660 219 853 272 arcusarcus.
1014 206 1071 268 687

94 341 148 404 sed
161 347 190 402 et
201 339 270 404 baec
281 358 336 421 per
350 341 537 405 abusionem
551 348 680 405 extensa
696 341 729 404 in
749 344 778 405 id
800 345 894 408 otiam
911 343 1023 413 extitit,
1038 349 1073 406 ut

94 435 138 496 eis
151 435 189 496 ad
206 431 332 496 Sacram
354 429 504 511 synaxim
520 433 671 495 accedere
687 432 733 493 rel
753 451 808 513 pro
833 433 936 498 lubitu
960 434 1073 512 permi-

94 524 202 599 serint,
218 520 266 584 vel
282 522 416 584 omnino
432 522 591 584 interdum
609 522 842 605 prohibuerint.
862 523 940 586 ilinc
956 521 1072 586 lactum

93 621 150 688 est,
171 623 205 674 ut
231 610 416 689 hujusmodi
447 611 682 693 dispositiones,
710 629 782 694 quaa
810 611 848 682 ad
875 613 1072 694 spiritualem

93 701 294 764 alumnorum
320 700 495 782 proiectum
518 712 549 763 et
564 702 603 764 ad
627 703 758 766 unitatis
773 721 881 783 pacem
897 713 926 765 et
941 722 1072 767 concur·

93 792 178 855 diam
211 793 240 852 in
283 789 571 854 Communitatibus
615 793 803 855 servandam
841 792 1073 874 fovendamque

93 881 270 946 salutariter
296 898 333 942 ac
358 879 517 961 sapienter
540 881 718 944 constitutae
738 882 804 963 jam
828 882 960 960 lucrant,
985 883 1073 947 haud

93 991 164 1034 raro
177 971 209 1032 in
225 971 403 1031 errimarum
426 969 609 1048 discrimen,
625 971 656 1032 in
674 971 942 1034 conscientiarum
962 974 1072 1036 anxie·

93 1070 202 1136 tatem,
216 1079 251 1122 ac
267 1059 397 1140 insuper
420 1061 451 1121 iu
468 1069 605 1124 externae
630 1061 715 1141 pacis
737 1061 952 1124 turbationem
974 1081 1072 1125 tersae

94 1151 223 1223 luerint,
236 1168 293 1211 een
308 1149 508 1212 subditorum
524 1168 670 1212 recursus
685 1159 715 1213 et
729 1153 939 1232 querimoniae
957 1153 1072 1232 passim

92 1240 133 1302 ad
147 1241 178 1304 S.
193 1238 302 1302 Senem
319 1239 489 1316 interjecta
508 1235 741 1301 evidentissime
754 1242 971 1320 comprobant.

133 1331 233 1404 Quare
258 1328 310 1392 SS.
338 1329 371 1390 b.
393 1327 429 1390 N.
456 1327 516 1392 Leo
540 1328 648 1390 divina
666 1329 865 1409 providentia
895 1329 976 1410 Papa
1003 1329 1071 1392 Xlll

92 1437 211 1504 proca,
235 1437 298 1500 que
322 1427 446 1498 praestat
467 1435 539 1498 erga
567 1417 768 1480 lectissimam
796 1421 881 1480 banc
901 1418 948 1480 sui
972 1421 1073 1500 gregis

93 1508 270 1591 portionem
296 1505 444 1587 peculiari
466 1506 695 1582 sollicitudine,
721 1508 752 1568 in
778 1504 945 1570 Audientia
967 1509 1072 1570 habita

92 1617 111 1659 a
149 1615 199 1659 me
226 1596 384 1658 Carrlinali
416 1593 563 1658 Profecto
592 1594 624 1658 S.
660 1594 917 1677 Congregationis
946 1595 1072 1678 Episco-

94 1705 208 1768 pnrum
243 1693 274 1748 et
308 1683 510 1764 daemonium
548 1685 683 1763 negotiis
725 1695 755 1746 et
787 1685 1073 1747 constructionibus

92 1776 271 1859 praepositae
289 1775 339 1836 die
360 1774 595 1854 decimaquarta
620 1773 797 1838 decembris
820 1773 908 1852 1890,
924 1773 1073 1837 omnibus

93 1867 208 1930 scdulo
236 1865 464 1945 diligenterque
494 1865 668 1944 perpensis,
704 1863 772 1928 baec
799 1883 871 1946 quae
896 1873 1073 1946 sequuntur

93 1956 208 2024 coluit.
228 1954 388 2018 coristituit
403 1965 497 2035 atque
514 1954 661 2016 decrerit.

137 2045 159 2105 l.
183 2043 337 2108 Sanctitas
357 2043 420 2108 Sua
437 2043 553 2116 irritat,
568 2041 710 2124 abrogat,
730 2051 762 2106 et
782 2041 903 2106 nullius
919 2044 950 2105 in
966 2053 1073 2126 poste-

90 2153 167 2198 rum
184 2133 304 2196 roboris
317 2133 455 2195 declarat
470 2149 689 2214 quascumque
713 2131 937 2215 dispositiones
951 2131 1071 2196 Consti-

92 2225 267 2300 tutionum,
293 2223 416 2303 piarum
434 2219 637 2297 Societatum,
662 2221 884 2286 institutorum
901 2221 1072 2286 mulierum

90 2316 162 2376 sire
177 2321 321 2374 votorum
345 2309 538 2392 simplicium
557 2311 622 2372 sire
650 2309 855 2386 solemnium,
882 2329 1005 2376 necnon
1027 2315 1072 2375 vi-

90 2419 206 2465 rorum
229 2399 415 2464 omnimodo
440 2398 604 2471 laicorum,
634 2399 692 2460 etsi
713 2399 804 2460 dictae
828 2399 1071 2464 Constitutiones

88 2490 356 2572 approbationem
370 2488 410 2551 ab
434 2486 612 2569 Apostolica
628 2485 709 2550 Sede
732 2487 898 2550 retulerint
919 2489 951 2550 in
971 2487 1072 2552 forma

87 2599 308 2664 quacumque,
332 2580 427 2643 etiam
452 2597 548 2659 quam
570 2579 661 2640 aiunt
682 2577 956 2658 specialissimam,
977 2579 1010 2640 in
1034 2597 1072 2643 eo

87 2671 228 2744 seilicet,
240 2669 325 2750 quod
346 2668 447 2733 cordis
463 2677 493 2728 et
512 2669 713 2732 conscientiae
728 2668 872 2730 intimam
888 2667 1072 2730 manilesta·

85 2763 216 2824 tionem
238 2758 350 2840 quovis
376 2757 470 2821 ruodo
497 2775 534 2822 ac
555 2757 686 2820 nornine
707 2757 890 2840 respiciunt.
907 2759 952 2820 lta
975 2777 1072 2840 prop·

86 2859 182 2913 terea
209 2847 291 2910 serio
319 2847 456 2929 injungit
484 2845 733 2910 lloderatnribus
758 2863 794 2908 ac
814 2845 1073 2912 lloderatricibus

85 2937 281 3017 hujusmodi
298 2936 527 3011 institutorum,
540 2935 825 3017 Congregationum
836 2935 1072 3001 aeSooietatum

85 3039 133 3092 ut
147 3045 191 3090 ex·
209 3027 344 3109 propriis
365 3026 660 3100 constitutionibus,
688 3025 867 3089 llireetoriis
882 3044 919 3089 ao
942 3027 1070 3090 llanua·

82 3113 1072 3197 libuspraelataedispositionesomninodeleantnrpenitusque

82 3202 330 3286 expungantur.
349 3203 451 3266 irritat
466 3205 582 3285 pariter
597 3221 634 3266 ao
652 3202 736 3264 delet
760 3202 918 3283 quoslibet
933 3221 970 3264 ea
985 3201 1024 3263 de
1038 3218 1073 3262 ro

82 3313 174 3363 usus
188 3304 218 3356 et
232 3293 475 3357 consuetudines
488 3292 581 3356 etiam
598 3291 879 3354 immemorabiles.

137 3383 175 3446 ll.
199 3383 477 3463 Districteinsuper
499 3381 645 3461 probibet
661 3377 1072 3459 memoratisSuperioribns

79 3491 135 3542 ac
149 3472 380 3554 Superiorissis,
396 3471 625 3552 cujuscumque
641 3469 758 3549 gradus
779 3477 810 3530 et
826 3465 1072 3549 praeeminentiae

79 3565 173 3642 sint,
209 3577 249 3624 ne
281 3575 431 3643 personas
460 3559 519 3623 sibi
545 3557 687 3622 subditas
716 3555 865 3620 inducere
894 3559 1074 3638 pertentent
