2550 3992
221 269 281 334 tao
444 285 581 334 annuam
601 285 703 336 roaros
723 283 804 332 ronta
824 283 974 334 amomo.

221 408 234 440 n
259 383 387 447 intentos
405 381 497 465 vulgo
516 381 694 464 expositi...,
709 381 826 445 etiamsi
845 381 976 445 babeant
987 380 1068 445 collo
1080 399 1199 466 appen-

220 497 235 532 n
260 491 324 536 sarn
337 471 511 536 schedulam
526 476 714 534 attestantem
729 489 782 534 eos
798 469 891 534 fuisse
911 470 1094 553 Baptismate
1111 471 1195 534 abiu·
1263 509 1264 546 1

222 583 234 632 t
260 569 324 625 tos:
338 561 389 626 die
403 564 440 624 15
452 562 517 640 jan.
534 564 624 639 1121,
638 559 794 642 respondit
805 576 872 622 esse
884 558 987 622 denud
1003 558 1196 642 baptizandos
1263 555 1264 562 ’

220 673 234 710 n
259 650 317 713 sub
330 649 503 730 conditione
512 695 520 727 ,
530 649 588 712 nisi
598 654 679 713 certa
688 648 834 712 habeatur
842 649 945 711 notitia
960 665 1100 730 persooae
1112 651 1196 730 aqut

220 761 233 800 n
260 739 405 803 schedula
417 739 455 802 sit
468 745 603 816 exarata,
615 743 666 801 aut
679 737 800 802 aliunde
810 737 1013 800 indubitatum
1022 735 1197 800 desumstur
1264 759 1265 810 t

220 851 235 889 n
262 827 410 891 indicium
425 826 613 911 baptismatis
625 825 682 888 rite
695 825 808 890 eisdem
822 825 934 889 oollab.
947 848 964 887 ι
978 825 1104 905 (Bened.
1119 828 1196 904 xiv,

222 917 278 995 it,
294 927 328 980 n·
343 921 387 996 3.)

260 1010 351 1070 3183.
375 1005 405 1068 Si
420 1004 491 1067 verb
510 1003 636 1086 questio
650 1010 727 1068 esset
740 1004 778 1067 de
792 1003 912 1081 adultis,
929 1023 992 1067 noo
1005 1008 1078 1066 suot
1090 1001 1198 1086 rebap-

220 1094 346 1170 tizandi,
361 1094 452 1156 etiarn
467 1093 523 1155 sub
536 1093 725 1168 conditione,
741 1093 782 1156 iili
797 1095 850 1176 qui
870 1093 931 1156 nati
952 1101 1025 1156 sunt
1041 1111 1080 1156 ex
1094 1112 1198 1174 pareo

220 1181 298 1247 tibus
311 1181 480 1246 christianis
504 1187 535 1244 et
556 1183 634 1244 inter
651 1181 755 1245 fideles
770 1181 907 1260 educati,
923 1183 1061 1265 quamvis
1079 1181 1198 1246 nrdtum
1265 1213 1266 1230 r

220 1271 425 1334 testimonium
439 1270 704 1355 babeaturaccepti
716 1271 1102 1355 Baptismi,utexpreasum
1111 1270 1200 1334 babet

219 1379 286 1442 cap.
299 1358 418 1423 Veniens
429 1362 448 1422 3
459 1406 466 1436 ,
476 1358 511 1422 de
522 1359 655 1443 presbyt.
666 1379 723 1422 non
734 1359 853 1443 ttoptiz.¹
866 1360 958 1423 modo
969 1371 1199 1424 oonoccurrant

220 1467 325 1529 graues
338 1450 470 1513 rationes
483 1449 655 1531 suspicandi
666 1449 731 1512 illos
741 1467 801 1512 non
813 1448 904 1512 inisse
911 1450 1087 1531 baptizatos.
1100 1449 1199 1512 Refert

219 1540 302 1600 enim
325 1540 358 1602 P.
381 1537 522 1602 Zacharia
539 1537 692 1602 censuisse
711 1539 743 1602 S.
764 1539 797 1602 G.
822 1537 1031 1621 baptizandam
1051 1553 1120 1600 osse
1143 1540 1198 1602 sub

218 1627 391 1691 conditione
409 1627 573 1709 quamdam
595 1627 754 1690 mulierem
769 1628 805 1691 ed
829 1627 911 1710 qudd
930 1626 1047 1690 nultum
1067 1629 1199 1707 potuerit

218 1717 342 1799 reperiri
357 1717 515 1798 vestigium
530 1717 690 1799 Baptisnri,
706 1737 763 1782 neo
777 1717 958 1780 Matrimonii
973 1725 1137 1798 parentum
1150 1735 1197 1780 as·

221 1815 379 1869 sertorum.
395 1807 471 1870 Vide
484 1807 515 1870 S.
533 1806 654 1887 Liguor.
671 1807 734 1883 (lib.
746 1811 787 1883 ti,
804 1816 837 1868 η’
852 1809 931 1884 131).

259 1899 348 1958 3181.
371 1897 449 1960 Casu
467 1914 528 1978 quo
549 1895 735 1959 reiterandus
749 1901 795 1960 est
808 1894 974 1977 baptismus
986 1893 1119 1972 dubius,
1133 1913 1193 1958 non

218 1990 263 2045 est
277 1985 446 2048 necessario
460 1985 667 2068 premittenda
680 1985 848 2057 consessio,
863 1983 917 2047 sed
932 1982 1043 2046 sufficit
1060 1984 1195 2066 promit·
1267 1995 1268 2034 t

218 2081 280 2134 tere
302 2073 438 2136 dotorem
451 2073 489 2136 de
503 2075 643 2155 peccatis.
656 2108 696 2120 -
712 2076 753 2152 (S.
770 2075 906 2156 bignon,
930 2072 982 2134 tib.
1007 2075 1045 2152 8,
1064 2085 1103 2135 rr·
1117 2075 1195 2154 138,

218 2162 247 2222 in
266 2163 350 2240 tina.)
1267 2189 1268 2192 ¹

257 2251 347 2312 3185.
370 2249 475 2322 Quoad
488 2249 656 2326 secundum,
673 2251 834 2335 baptizatos
847 2269 959 2334 nempe
972 2251 1010 2315 ab
1024 2251 1195 2326 hereticis,

217 2336 433 2401 attendendum
444 2347 486 2402 est
495 2357 534 2402 an
545 2339 576 2402 in
586 2359 694 2403 eorum
704 2343 785 2404 secta
793 2341 907 2424 aliquid
919 2341 1097 2404 innovatum
1108 2343 1198 2406 suerit

216 2428 295 2490 circa
310 2427 453 2509 Baptismi
468 2435 545 2491 mate
554 2429 625 2490 riam
639 2436 669 2491 et
680 2422 809 2493 formam
823 2433 841 2492 a
856 2429 972 2492 Christo
986 2429 1149 2494 institutas.
1165 2433 1195 2497 Si

217 2533 289 2598 ergo
303 2525 419 2580 constet
433 2517 507 2580 nihil
521 2517 560 2582 ab
573 2518 746 2598 hujusmodi
761 2519 909 2582 haereticis
919 2519 1011 2582 tuisse
1025 2519 1107 2582 circa
1117 2539 1196 2603 prn-

216 2604 294 2668 dieta
307 2605 500 2685 innovatum,
515 2624 577 2670 non
596 2607 687 2670 debet
699 2609 833 2670 reiterari
849 2607 1020 2690 Baptismus
1035 2627 1044 2670 ι
1059 2608 1195 2692 alioquin

216 2693 337 2758 daretur
350 2697 434 2760 locus
448 2695 619 2779 suspicandi
630 2696 672 2759 sic
681 2697 897 2780 rebaptizantes
905 2695 1008 2758 venire
1018 2697 1050 2758 in
1059 2715 1195 2762 erronem

218 2783 461 2866 rebaptizantium
475 2788 493 2848 a
507 2788 538 2848 S.
561 2784 713 2866 Stephano
726 2787 739 2847 1
758 2793 788 2848 et
801 2789 818 2847 'a
836 2785 971 2849 Concilio
985 2785 1140 2868 plenario,
1158 2787 1195 2852 de

216 2891 277 2953 quo
291 2875 424 2956 loquitur
446 2875 479 2938 S.
503 2876 691 2956 Augustinus
710 2873 774 2956 (tio.
785 2879 826 2956 2,
840 2893 869 2939 c.
885 2878 923 2954 8,
937 2873 973 2937 de
985 2875 1079 2958 oapi.
1091 2888 1194 2942 contro

216 2960 411 3041 Donatistae),
428 2962 617 3025 damnatum.
866 2967 872 2974 '

255 3051 415 3127 Attamen,
431 3051 530 3131 inquit
544 3051 656 3114 Bened.
675 3055 740 3114 XIV
754 3052 852 3134 (ibid,
868 3064 903 3114 n·
915 3054 965 3135 1),
985 3053 1038 3116 usi
1055 3052 1195 3137 diligenti

213 3160 229 3198 s
253 3139 408 3220 premissa
422 3142 657 3220 perquisitione,
675 3143 718 3204 rei
732 3143 887 3205 veritatem
901 3143 984 3206 certd
1003 3147 1122 3226 assequi
1140 3163 1193 3207 oe·

212 3249 228 3288 n
253 3227 381 3308 quiverit
394 3227 600 3311 (Episcopus),
620 3237 649 3292 et
668 3229 762 3293 dubia
783 3230 839 3293 sibi
854 3237 945 3314 atque
966 3232 1079 3294 incerta
1093 3251 1185 3296 rema·

212 3339 228 3376 n
254 3322 322 3378 neat
336 3315 471 3379 validitas
481 3317 672 3398 Baptiarnatis
685 3319 726 3381 ab
739 3319 879 3383 heretico
889 3319 1029 3383 ministro
1042 3323 1192 3404 suscepti,

213 3427 228 3463 s
253 3403 328 3466 ittud
351 3406 455 3488 utique
477 3407 534 3468 erit
556 3406 613 3468 sub
635 3406 809 3471 conditione
825 3409 1037 3490 repetendum.
1059 3433 1075 3470 s
1093 3411 1130 3472 Et
1152 3412 1192 3475 its

212 3491 397 3555 deciaratum
409 3495 515 3556 asserit
529 3491 709 3558 Benedictus
722 3499 819 3560 alvo
835 3499 867 3560 S.
882 3499 1031 3580 Congreg.
1048 3499 1189 3579 Concitii,

213 3578 261 3641 die
275 3583 311 3641 81
331 3582 428 3644 martii
444 3585 533 3646 tosa.

251 3669 357 3732 Merito
371 3677 472 3733 eutem
486 3671 682 3736 videturesse
696 3671 894 3738 dubitandum
904 3673 943 3736 de
952 3675 1104 3742 validitate
1115 3679 1188 3756 asp
