2528 3996
206 204 265 268 alt
425 219 563 270 narcara
583 215 786 268 retrusurus
806 215 955 264 aanonrcr.

246 327 336 388 3026.
347 327 428 386 --5ο
435 324 515 405 Papa
528 326 627 404 potest
636 321 769 384 eximere
779 317 954 400 religiosum
967 315 1186 380 abobedienlit

206 411 500 495 ipsiussuperiorum
508 421 538 473 et
547 412 604 474 sibi
619 429 769 473 reservare
778 414 954 490 potestatem
962 425 1033 470 eum
1044 408 1183 488 regendi.
1249 439 1250 478 r

206 503 289 565 ldem
305 511 402 584 potest
416 501 568 564 Generalis
586 501 706 563 relative
721 499 759 561 ad
778 497 939 566 Praelatum
955 495 1143 559 interiorem.
1249 509 1250 586 j

248 593 283 652 Vi
300 599 401 653 tamen
420 591 599 654 obedientias
618 589 743 670 obligari
763 589 869 670 nequit
886 583 1046 667 regularis,
1062 587 1185 650 etiarn'a
1249 589 1250 674 i

208 681 305 762 Papt,
328 679 366 744 ad
389 679 608 744 transeundum
636 677 674 740 ad
702 684 812 739 statum
836 675 1031 751 secularem,
1062 694 1122 739 nec
1149 679 1186 740 ad
1249 701 1250 766 p

209 769 448 852 amplectendam
463 770 586 833 alteram
601 759 788 848 Religionem
803 765 874 827 licet
888 763 1111 846 perfectiorem.
1127 767 1186 828 Sed
1249 773 1250 776 ’

210 865 306 941 potest
326 861 423 940 Papa,
443 859 472 920 vi
492 877 555 922 suae
575 862 729 940 potestatis
749 853 997 934 Jurrsdrctronalis
1018 853 1184 932 duntaxat,

210 967 272 1010 non
294 946 502 1024 dominativae,
526 947 661 1028 obligare
688 943 862 1026 religiosum
896 941 934 1004 ad
966 944 1186 1024 acceptandum

210 1035 422 1117 Episcopalum
437 1035 557 1113 (Bouix‚
572 1033 679 1114 ibid.):
690 1033 743 1095 sed
757 1031 822 1095 vide
836 1031 914 1094 dicta
927 1049 1019 1113 supra
1033 1034 1126 1112 (526).

251 1127 382 1186 3026-
392 1127 425 1186 6⁰
438 1127 506 1186 Nou
520 1131 639 1187 tenetur
652 1122 812 1204 religiosus
826 1119 949 1182 obedire
959 1121 1117 1204 Superiori
1133 1141 1188 1184 siro

211 1212 396 1294 praecipienti
410 1220 444 1276 ut
460 1219 595 1294 acceptet
614 1210 797 1274 beneficium
818 1209 980 1289 montore,
999 1210 1053 1272 sed
1068 1214 1188 1275 tantuna

212 1299 394 1364 beneficium
409 1302 545 1383 regulare
560 1301 636 1381 (36).

252 1390 426 1452 Omittimus
443 1393 529 1472 plura
549 1409 618 1472 quae
638 1389 676 1452 ad
697 1389 853 1471 theologos
874 1388 1027 1471 pertinent
1039 1397 1070 1452 et
1093 1391 1191 1454 solent

214 1479 365 1560 explanari
384 1479 415 1541 iu
433 1487 558 1543 tractatu
579 1480 623 1541 De
636 1479 774 1561 lepidae.
791 1479 867 1542 Vide
880 1479 913 1542 S.
930 1479 1067 1561 liguum,
1084 1479 1138 1543 lib.
1158 1487 1188 1556 ll,

214 1577 247 1630 11⁰
262 1573 312 1643 47,
329 1576 385 1631 elo.

253 1659 342 1720 3028.
363 1659 484 1731 Ouaerit.
506 1663 537 1721 6⁰
552 1661 597 1719 An
613 1658 789 1740 Superiores
801 1657 956 1738 regulares
973 1657 1095 1722 valeant
1116 1679 1190 1723 con-

215 1745 285 1809 dere
299 1755 406 1810 statuta
419 1748 479 1810 vim
493 1753 524 1810 et
536 1747 683 1809 rationem
697 1747 771 1828 legis
785 1746 954 1810 habentia?

255 1838 343 1919 Resp.
355 1838 429 1900 lure
442 1837 598 1900 communi
613 1837 788 1918 Superiores
798 1837 969 1918 regulares,
985 1835 1078 1900 etiam
1094 1840 1191 1902 Gene-

215 1925 311 2000 rales,
330 1925 504 2006 hujusmodi
518 1931 627 1988 statuta
645 1925 699 1988 soli
715 1925 846 1988 condere
868 1943 930 1987 non
949 1925 1069 2003 valent,
1085 1929 1141 1990 sed
1155 1929 1190 1990 ad

215 2014 273 2077 hoc
288 2015 423 2096 indigent
436 2033 587 2078 consensu
601 2015 728 2096 Capituli
743 2015 891 2096 generalis
906 2020 996 2078 totius
1006 2015 1141 2080 Ordinis.

256 2105 368 2166 Forsan
391 2105 574 2182 objicietur:
607 2105 771 2186 Episcopus
800 2110 898 2187 potest
919 2103 1051 2168 condere
1083 2109 1192 2170 similia

216 2197 346 2269 statuta3
367 2193 482 2254 Proelati
500 2200 622 2273 autem,
644 2193 809 2275 praesertim
832 2193 1032 2258 provinciales
1050 2201 1081 2258 et
1096 2199 1191 2260 Gene-

217 2281 293 2342 rales
316 2280 426 2343 habent
447 2283 647 2366 episcopalem
670 2282 938 2364 jurisdictionem:
968 2301 1042 2366 ergo
1066 2297 1193 2367 possum

217 2376 324 2432 statuta
339 2379 480 2452 perpetua
490 2373 631 2435 condere.

257 2460 465 2541 Respondetur
485 2481 555 2524 cum
571 2464 679 2525 Suarez
692 2463 782 2542 (lom.
798 2467 829 2534 ll,
850 2467 935 2526 tract.
952 2466 982 2534 8,
998 2463 1052 2526 lib.
1067 2469 1102 2541 2,
1118 2485 1147 2530 c.
1164 2471 1192 2539 8,

218 2557 251 2612 n·
261 2553 290 2628 t)
303 2569 311 2610 :
326 2573 341 2609 a
355 2549 498 2630 Negando
509 2553 771 2634 consequentium
788 2551 916 2632 ideoque
931 2571 992 2616 non
1002 2553 1196 2637 episcopalem

217 2661 233 2702 a
257 2639 308 2702 sed
318 2640 603 2722 quusi-episcopalem
616 2641 858 2721 jurisdictionem
875 2641 986 2704 habere
999 2642 1157 2708 dicuntur.
1178 2669 1193 2704 a

217 2728 287 2791 Tale
294 2728 388 2810 jusad
397 2747 574 2810 supremum
584 2730 747 2812 lteligionis
759 2729 890 2792 tribunal
902 2740 1070 2796 reservatur
1084 2753 1092 2796 ε
1105 2737 1199 2816 porro

218 2817 349 2879 tribunal
363 2836 540 2899 supremum
550 2817 581 2879 in
591 2819 746 2900 Religione
761 2825 806 2880 est
819 2817 988 2900 Capitulum
1003 2827 1162 2902 generale.

258 2909 345 2969 3029.
371 2911 393 2968 A
409 2907 545 2988 Capitale
565 2913 666 2970 autem
685 2906 817 2988 generali
836 2908 925 2970 condi
942 2918 1068 2990 possum
1085 2921 1198 2977 statuta

220 3013 295 3056 nova
308 2995 408 3075 quoad
422 3013 528 3060 omnes
541 2996 727 3078 obligatoria,
740 2995 831 3058 modo
845 2997 904 3058 sint
917 2998 1031 3080 regulae
1045 3018 1197 3079 consona,

220 3087 250 3144 et
272 3083 327 3144 sub
350 3085 384 3144 et
410 3083 560 3147 reductive
582 3086 687 3147 sallem
711 3084 1034 3166 comprehendantur:
1062 3098 1199 3172 poteslas

219 3171 301 3233 enim
314 3171 384 3232 talia
402 3173 552 3236 condendi
574 3174 693 3237 decreta
712 3175 880 3236 necessaria
898 3182 943 3239 est
961 3176 991 3237 in
1012 3179 1198 3261 Religione‚

219 3261 290 3321 olrrn
304 3259 406 3321 omnia
420 3261 458 3321 ab
471 3262 556 3324 initio
571 3263 724 3344 praevideri
737 3272 905 3345 nequeant:
921 3265 1003 3340 undis
1018 3265 1198 3349 hujusmodi

220 3349 457 3412 ordinationibus
487 3353 617 3433 religiosi
644 3353 676 3416 in
707 3357 762 3416 sua
789 3353 974 3434 protessione
1004 3361 1201 3423 consensisse

220 3438 326 3500 merito
343 3450 576 3521 presumuntur.

259 3529 348 3589 3030.
370 3530 434 3590 lmd
448 3530 472 3590 si
486 3530 654 3610 Capitulum
669 3534 808 3614 generale
822 3534 965 3600 conderet
979 3555 1058 3602 nova
1070 3545 1200 3618 statuta,

104 3661 113 3679 r
220 3633 288 3692 uuae
302 3616 340 3677 ila
360 3615 457 3679 forent
480 3635 570 3699 supra
589 3621 724 3702 regulam
742 3627 776 3685 ut
796 3642 835 3687 ne
853 3625 999 3690 indirecte
1021 3629 1201 3712 quidemst

196 3889 229 3970 t
