2522 3996
231 237 270 298 to
450 252 589 300 urrunsa
609 253 709 300 tortus
730 252 811 300 runis
832 253 980 302 assamur.

225 356 308 434 iutor
334 355 427 436 quim
454 353 610 436 coadjutus
633 353 766 418 residere
787 358 939 418 tenentur.
962 357 1005 416 lte
1027 351 1209 418 decisumb

228 445 260 506 S.
276 445 386 526 Gongr.
403 443 530 516 Concii„
549 451 580 506 tn
596 445 740 520 Rouana,
758 447 854 520 1544;
871 445 903 505 in
918 443 1087 520 Bricieasi,
1103 448 1209 510 5nor‚

230 537 317 611 toto,
334 553 382 616 ap.
400 533 493 596 Itonia
512 531 610 614 (iiia,
626 553 656 616 p.
673 537 743 612 539,
756 535 837 612 eto).

269 627 357 685 1453.
383 622 505 695 Quaerit.
522 623 554 685 3⁰
570 625 617 684 An
632 623 693 684 sint
706 639 806 684 causas
819 639 855 684 ex
877 621 989 704 quibus
1002 621 1138 705 legitime
1152 641 1202 704 pa·

229 711 311 774 rochi
326 711 430 774 abesse
444 711 560 793 possint
573 711 591 772 e
604 713 659 773 sut
673 710 840 793 parochie?

268 803 358 883 ttesp.
377 799 578 872 114444ιί44,
595 801 685 861 etiam
699 799 731 860 in
750 799 898 862 sententie
912 817 1019 864 eorum
1033 801 1086 883 qui
1101 801 1214 864 volunt

229 888 376 972 parochos
389 889 427 952 ad
442 887 633 950 residentiam
641 887 767 970 obligari
779 889 847 968 jure
860 887 977 965 dirin0;
995 891 1139 971 quianon
1150 890 1214 952 elia

230 978 409 1055 residentia,
422 977 506 1059 juxte
520 995 589 1053 eos,
605 978 736 1058 exigitur
746 978 814 1056 iure
836 975 955 1050 divino,
970 981 1062 1060 quim
1082 997 1119 1040 eo
1138 998 1217 1060 quae

230 1066 266 1127 ad
290 1067 519 1129 convenientem
535 1066 634 1147 gregis
656 1055 989 1143 custodiam'sufliciat;
1015 1069 1105 1149 porro
1129 1087 1213 1129 non-

231 1155 322 1217 44114
342 1155 378 1216 ad
398 1159 517 1235 tempus
538 1161 568 1216 ct
586 1155 674 1234 justis
694 1153 732 1217 de
753 1155 850 1218 causis
864 1155 1006 1218 absentiae
1027 1173 1087 1216 non
1109 1155 1214 1236 impe-

230 1242 400 1306 diuntbano
409 1243 606 1305 sufficientem
617 1244 928 1325 gregiseustodiamzr
939 1243 1215 1326 Quoniam,inquit

231 1354 245 1391 a
272 1333 386 1395 Concii.
401 1331 535 1394 trident.
552 1333 639 1410 (sess.
657 1337 711 1407 23,
729 1351 795 1414 cap.
815 1337 851 1408 1,
871 1331 1069 1414 derasam),
1086 1333 1139 1416 qui
1159 1335 1215 1395 ali-

230 1443 246 1480 a
271 1421 445 1504 quantisper
467 1423 586 1484 tantum
600 1421 728 1498 absunt,
752 1439 789 1484 ex
809 1429 944 1484 veterum
965 1439 1117 1484 canonum
1140 1441 1214 1486 sen-

231 1534 246 1570 »
270 1510 362 1572 tentiis
377 1529 438 1572 non
452 1509 591 1573 videntur
605 1509 727 1586 abesse,
751 1509 821 1592 quia
842 1511 940 1572 statim
955 1511 1102 1572 reversuri
1117 1520 1214 1588 sunt,

232 1621 246 1658 a
271 1600 464 1662 Sacrosancta
486 1598 626 1682 Synodus
646 1599 710 1661 rult
723 1599 795 1661 iliud
809 1599 950 1660 absentiae
973 1601 1119 1680 spatium,
1145 1601 1216 1662 sin-

231 1709 246 1747 a
271 1687 349 1770 gulis
374 1689 478 1766 annis,
504 1689 563 1750 sire
586 1688 764 1751 continuum
785 1706 846 1749 stro
869 1688 1091 1769 interruptum,
1120 1699 1216 1751 cartre

234 1800 247 1846 t
266 1775 425 1863 predictos
438 1795 553 1851 cuasos,
578 1777 661 1838 nutio
676 1783 763 1858 paeto
781 1776 890 1840 debore
905 1777 982 1839 duos
1000 1783 1051 1839 aut
1068 1777 1106 1839 ad
1122 1795 1216 1840 sum-

231 1889 247 1926 a
271 1885 356 1929 mum
380 1873 441 1929 tres
463 1884 583 1928 menses
597 1865 758 1943 excedere;
781 1873 811 1927 et
834 1865 936 1928 haberi
958 1867 1105 1928 rationem
1132 1875 1168 1929 ut
1184 1869 1216 1932 id

232 1979 247 2015 a
271 1959 358 2038 reque
372 1973 408 2018 ex
423 1957 512 2017 causi
528 1953 595 2028 tint,
619 1961 647 2015 et
661 1953 774 2035 absque
789 1955 850 2016 nilo
869 1955 968 2036 gregis
982 1954 1178 2018 detrimento.
1195 1981 1210 2016 a

233 2047 274 2106 ite
283 2045 417 2126 loquitur
427 2045 457 2105 S.
470 2041 828 2124 SynodusdeEpisoopis3
838 2043 931 2104 seder
943 2043 1051 2106 eodem
1060 2045 1214 2122 Concilio,

233 2139 322 2215 prout
332 2150 423 2214 supra
436 2131 566 2194 vidimus
581 2133 669 2208 (1444
680 2138 709 2194 et
720 2135 819 2211 1448),
828 2131 893 2194 haec
903 2133 1008 2195 eadent
1019 2133 1131 2196 curatis
1141 2146 1218 2198 sunt

179 2293 181 2295 ,
233 2221 421 2305 applicanda.

274 2315 362 2373 1454.
385 2309 453 2373 litas
476 2315 576 2373 autem
594 2309 754 2392 predictos
780 2331 879 2374 caesas
897 2317 1019 2394 propter
1037 2329 1112 2394 quas
1133 2313 1218 2378 ultra

233 2401 310 2463 duos
323 2405 376 2462 aut
388 2407 448 2463 tros
463 2417 584 2462 menses
597 2397 701 2462 abesse
716 2407 841 2482 possunt
854 2400 1013 2483 Episcopi,
1027 2401 1085 2471 sio,
1101 2401 1218 2468 eodem

234 2491 330 2572 capite
351 2495 487 2552 recenset
508 2490 539 2550 S.
556 2489 720 2570 Synodus:
747 2489 850 2552 «Cam
873 2489 1037 2552 christinae
1061 2489 1216 2572 eboratas,

234 2601 249 2638 a
273 2597 379 2660 arpent
399 2579 569 2655 necessitas,
589 2576 686 2639 debita
707 2577 869 2640 obedientia
889 2597 924 2641 ac
943 2577 1056 2641 evt'deaa
1070 2579 1218 2646 Ecclesia

233 2669 321 2730 »vei
350 2667 529 2750 Reipublicae
555 2666 693 2744 utilitas,
717 2668 833 2749 aliquos
862 2685 1084 2750 nonnunquam
1105 2669 1218 2736 abesse

234 2781 250 2818 n
274 2756 425 2840 postulent
438 2761 468 2819 et
481 2757 612 2838 exigant.
629 2777 644 2814 a
662 2791 701 2802 -
715 2755 803 2836 (Sess.
822 2761 870 2832 23,
887 2775 953 2840 cap.
971 2759 984 2818 1
1000 2805 1009 2835 ,
1025 2757 1059 2820 dc
1073 2757 1217 2842 reform.)

276 2849 365 2909 1455.
389 2847 510 2918 Ouaerit.
526 2851 557 2908 t⁰
567 2847 712 2918 Quaenam
721 2863 819 2908 causae
834 2845 1000 2928 legitiment
1009 2846 1216 2928 parochorum

236 2935 407 2999 absentias?

276 3027 366 3108 Hesp.
385 3027 416 3088 1⁰
431 3024 461 3088 Si
475 3029 581 3106 agatur
593 3023 631 3088 d'e
646 3023 780 3088 absentia
789 3023 866 3087 ultra
879 3024 1032 3103 bimestre,
1043 3025 1214 3109 requiritur

236 3133 326 3179 causa
341 3113 455 3196 gravis,
470 3115 609 3177 videlicet
623 3133 631 3175 ε
647 3113 810 3176 christiano
825 3115 974 3187 ebaritas,
994 3135 1101 3198 arpena
1114 3135 1215 3180 neces·

235 3202 1216 3288 sitna,etc.,proutmodbretttiimusinquestionepraeoedentiex

237 3295 371 3358 Concilio
384 3293 570 3356 Tridentino.

278 3381 437 3445 Servitium
451 3381 507 3462 ipsi
520 3381 670 3463 Episcopo
684 3381 887 3464 praestandum
902 3401 965 3444 non
979 3387 1123 3446 estoausa
1134 3383 1218 3447 suib

237 3471 320 3535 ciens
334 3485 389 3551 pro
402 3469 575 3548 huJusmodi
588 3469 732 3546 absentio,
749 3471 790 3533 uti
805 3470 967 3534 declaravit
977 3473 1008 3535 S.
1026 3473 1121 3554 Cong.
1138 3475 1218 3537 Con-

238 3560 309 3634 cilii,
322 3560 407 3636 juxta
420 3558 563 3636 Ferraris,
580 3571 611 3622 r0
625 3560 789 3637 Perceiana,
805 3567 860 3622 art.
875 3565 914 3638 2,
932 3573 966 3622 n⁰
978 3565 1029 3624 44.

281 3647 368 3708 ttae.
392 3647 424 3707 2⁰
445 3643 476 3708 Si
499 3649 604 3730 agetur
622 3644 661 3710 de
683 3647 816 3712 absentie
837 3649 956 3712 tantum
975 3665 1028 3732 per
1050 3649 1216 3722 bimestre.
