2522 3992
196 267 254 335 toa
415 281 553 329 umnam
573 281 675 330 rorms
694 281 775 328 rums
796 279 945 329 cruenter.

197 383 318 450 Ordinis
341 383 532 463 contingeret
550 383 575 444 si
599 381 726 465 quaestio
740 389 818 444 esset
834 381 873 444 de
892 381 1019 444 transitu
1041 381 1170 463 religiosi

197 474 380 551 doctissimi,
395 473 440 536 rel
456 473 486 534 in
504 471 602 552 atique
617 479 678 534 arte
689 471 859 552 peritissimi
871 518 879 545 ,
893 471 939 533 vel
955 471 979 532 si
994 470 1019 532 is
1031 472 1171 533 transitus

199 566 231 628 in
245 563 376 626 dedecus
389 569 418 624 et
432 566 640 642 contemptum
655 559 775 620 Ordinis
789 559 923 622 derelicti
937 565 1083 642 vergeret..
1100 559 1171 622 Vide

201 652 350 716 Gautrelet
365 654 448 729 (tom.
465 654 495 726 2,
512 669 542 730 p.
561 652 630 725 lt3,
646 647 716 710 edit.
734 647 832 730 tere).

240 745 329 804 2606.
356 739 402 801 Ab
424 738 602 801 innocentio
625 739 664 798 lll
687 735 791 814 (trid.)
811 735 982 819 praecipitur
1004 741 1037 800 ut
1060 745 1173 820 petetur

200 829 321 892 lieentia
341 827 497 910 praelatum
516 826 676 888 transitum
694 825 878 906 peragendi3
899 825 952 888 sed
973 843 1035 889 non
1049 826 1172 905 exigitur

201 917 281 1001 qudd
301 916 486 978 obtineatur:
507 913 646 976 «Libere
669 919 783 996 potest,
800 913 898 996 inquit
922 913 1077 987 Pontifex,
1093 933 1174 975 sanc-

202 1029 217 1067 »
241 1006 326 1068 tioris
338 1006 405 1066 ritae
419 1003 607 1086 propositum
620 1002 806 1082 adimplere,
823 1021 885 1066 non
906 1003 1043 1066 obstante
1056 1011 1173 1065 contra·

203 1118 218 1154 o
242 1093 371 1157 dictione
385 1092 512 1155 Praelati.
535 1114 551 1152 o

242 1187 332 1245 aaut.
348 1181 562 1263 Diximusjare
574 1180 815 1262 communionis
824 1179 885 1244 tere
892 1181 1176 1264 omneslleligiones

205 1271 391 1354 privilegium
405 1269 495 1333 hodie
507 1270 629 1346 habent,
640 1275 674 1331 ut
688 1269 752 1331 lieri
762 1278 891 1350 nequeat
904 1270 1047 1332 transitus
1058 1270 1097 1331 ab
1107 1271 1176 1352 ipsis

205 1360 242 1424 ad
255 1359 431 1436 arctiorem,
452 1378 523 1422 cum
544 1359 607 1422 sola
627 1358 717 1439 petitrt
732 1367 762 1420 et
782 1378 845 1421 nen
867 1359 989 1422 obtenta
1004 1359 1135 1432 licentia,
1150 1367 1178 1421 et

206 1449 287 1530 qutrt
301 1457 373 1512 tunc
386 1448 549 1511 obtinenda
562 1451 600 1509 sit
613 1443 732 1509 lieentia
747 1467 800 1510 seu
814 1447 997 1530 dispensatio
1010 1450 1027 1509 a
1041 1450 1071 1509 S.
1088 1448 1175 1512 Sede.

207 1541 282 1600 Sunt
308 1545 408 1600 tamen
436 1539 537 1620 plures
559 1537 811 1616 congregationes
834 1536 970 1599 nondum
994 1537 1176 1618 approbate,

207 1649 274 1708 quac
293 1627 344 1690 tali
364 1629 445 1690 certe
465 1625 619 1708 privilegio
640 1643 701 1686 non
723 1624 871 1706 gaudent,
895 1643 1027 1706 quorum
1052 1626 1179 1706 proinde

208 1717 335 1798 religiosi
352 1717 477 1778 transire
492 1720 617 1796 possunt
631 1716 647 1774 a
663 1713 818 1795 Religione
832 1714 936 1776 laxiori
955 1713 992 1776 ad
1007 1715 1177 1790 arctiorem,

207 1807 297 1887 petitrt
311 1806 379 1868 licet
393 1823 453 1866 non
468 1805 590 1864 obtenta
599 1801 727 1864 licentia.
747 1803 819 1864 Vide
832 1803 943 1879 Bouix,
959 1803 1004 1866 De
1018 1803 1178 1884 deputor,

208 1904 280 1956 torn.
298 1899 327 1972 ἓ,
343 1913 373 1975 p.
391 1896 531 1956 eaoeee.

246 1987 333 2046 2608.
350 1981 494 2044 ltloniales
508 1979 682 2043 solemniter
695 1980 837 2062 professae
858 2000 920 2044 non
942 1989 1067 2062 possunt
1081 1990 1180 2046 trans·

208 2071 277 2133 terri
292 2071 329 2132 ad
344 2071 424 2132 aliud
438 2071 675 2143 monasterium,
691 2071 805 2150 absque
819 2069 938 2132 Indulto
953 2071 984 2133 S.
1001 2071 1104 2146 Scdis,
1120 2091 1181 2154 quo

208 2178 299 2240 super
313 2159 377 2239 lege
391 2159 537 2222 clamurrc
551 2177 621 2220 cum
649 2157 763 2220 eisdem
788 2158 988 2241 dispensetur.
1004 2159 1081 2222 Vide
1097 2161 1180 2225 Pre-

211 2249 277 2310 tert.
293 2249 327 2310 S.
344 2247 457 2330 Srrlpr‘t.
474 2249 519 2324 (nt
532 2251 608 2320 tet,
625 2247 655 2308 in
672 2247 753 2325 line).

249 2339 337 2400 aaut.
361 2337 396 2399 ln
408 2335 528 2399 secunda
547 2355 633 2414 cosa,
653 2335 767 2416 absque
785 2336 964 2399 licentidvel
978 2337 1064 2400 Sedis
1084 2341 1180 2422 Apos-

211 2424 306 2488 tolioae
334 2426 378 2488 rel
412 2426 517 2488 saltem
546 2423 759 2506 Superiorem,
783 2425 951 2506 religiosus,
979 2444 1080 2508 neque
1103 2429 1182 2491 licite

212 2533 310 2596 neque
324 2513 430 2590 relide,
446 2513 482 2576 ad
497 2512 646 2594 aequalem
658 2513 844 2594 Religionem
851 2514 977 2576 transire
990 2515 1068 2576 valet
1084 2535 1092 2576 ι
1108 2518 1183 2579 ratio

210 2611 269 2682 ost,
286 2604 397 2685 quievi
412 2609 549 2665 votorum
563 2620 686 2664 suorum
701 2601 858 2684 religiosus
873 2603 1105 2684 Congregationi
1120 2625 1183 2668 sue

211 2693 240 2754 in
257 2701 434 2774 perpetuum
453 2691 609 2772 alligatur,
630 2690 708 2752 satra
722 2690 868 2754 duntaxrtt
881 2691 1015 2753 libertate
1030 2692 1061 2754 in
1077 2695 1183 2756 rrrelr'cs

211 2789 275 2842 rota
294 2779 357 2843 lraro
377 2778 594 2843 commutandi.
611 2815 649 2826 -
664 2779 838 2855 licentiam,
854 2779 886 2842 in
901 2779 959 2842 hoo
977 2799 1071 2858 casu,
1087 2791 1184 2863 potest

213 2871 291 2950 Papa
305 2869 471 2932 concedere
481 2869 570 2932 etiarn
585 2868 650 2931 sine
661 2871 767 2944 eaust3
784 2867 837 2931 sed
850 2871 940 2930 causa
952 2869 1032 2947 iusta
1047 2869 1183 2953 indigent

212 2958 397 3038 Superiores.
411 2960 454 3020 uti
465 2961 527 3020 llD.
537 2957 739 3020 communiter
748 2964 860 3019 tenent.
872 2955 958 3036 (Vide
968 2975 1017 3038 ap.
1027 2959 1063 3021 ll.
1074 2959 1183 3036 Reum,

212 3045 255 3108 De
271 3046 387 3126 ltrpul„
404 3054 477 3109 torn.
493 3051 523 3120 ἓ,
539 3066 570 3128 p.
583 3049 665 3125 527.)

250 3137 339 3196 aori).
371 3135 407 3197 ln
434 3135 522 3195 tertie
550 3155 635 3206 eaor,
661 3134 787 3196 omnind
812 3133 988 3216 prohibetur
1013 3136 1183 3199 transitus:

215 3241 231 3285 a
251 3224 346 3284 Nemo
357 3227 446 3279 ettam
457 3221 621 3301 regularis,
637 3222 734 3303 inquit
747 3222 860 3302 Synod.
875 3221 1009 3284 Trident.
1031 3227 1115 3301 (sess.
1134 3230 1184 3300 25,

211 3331 227 3368 ι
252 3329 317 3390 cap.
342 3313 390 3380 ttl,
407 3309 450 3370 lle
471 3310 652 3389 stapelen),
672 3311 890 3392 cujuscumque
912 3310 1060 3374 facultatis
1083 3315 1187 3394 rigore

212 3421 227 3454 a
251 3397 445 3458 transferatur
458 3399 494 3457 att
511 3397 651 3458 laxiorem
666 3399 882 3478 religionemzr
898 3398 979 3462 unde
994 3403 1011 3460 ir
1024 3401 1091 3462 solo
1105 3403 1188 3483 rape

214 3482 383 3558 hujusmodi
401 3485 544 3545 transitus
558 3486 681 3546 concedi
697 3493 803 3562 potest.
826 3488 956 3562 (Bouian,
973 3489 1027 3558 ib..
1045 3508 1076 3570 p.
1102 3493 1188 3569 528.)

252 3572 340 3627 atttt.
367 3570 424 3630 Sed
446 3572 600 3634 undenam
619 3571 755 3652 dignosci
770 3575 865 3638 valeat
882 3593 922 3637 au
943 3575 1045 3658 alique
1065 3579 1187 3662 Religio

214 3653 305 3714 altera
317 3653 355 3715 sit
367 3659 498 3720 arctiori
