2486 3984
180 217 236 279 tot
391 215 532 268 uxuuxxu
552 210 658 260 corros
676 205 758 256 mats
777 196 922 248 exueruut.

181 349 259 406 ront.
274 333 319 402 rel
331 353 351 398 o
363 334 491 416 prr‘stinn
504 327 638 392 utilitate
650 334 736 406 otqne
750 311 972 397 opportunitate
981 297 1146 369 ereidisre,

183 448 301 511 eomqoe
314 425 348 487 ob
368 444 428 486 rem
451 441 507 483 non
532 418 728 499 infrequentes
748 406 836 477 oriri,
861 401 923 463 sine
937 397 968 456 in
992 392 1031 452 iis
1046 387 1150 468 ortibus

183 521 349 581 norinorum
368 531 438 574 enro
456 507 605 571 eonomine
620 513 672 573 est,
687 503 745 564 sine
757 499 790 558 in
806 493 879 574 ipsis
894 482 1031 568 fidelibus
1046 476 1151 538 dubie-

184 617 275 681 tores,
312 604 494 674 onrr'etntes,
529 610 705 678 onpnrespne
734 578 941 652 eonscientioe3
975 561 1151 643 hujusmodi

183 692 383 758 incommodis
399 705 557 751 occurrere
581 683 684 744 volens
705 673 792 755 jussit
816 669 936 750 plenam
953 668 1155 722 censurarum

183 785 247 860 ipso
263 782 339 844 lacto
354 775 604 840 incurrendarum
620 765 828 831 recensionem
844 753 921 816 lieri.
939 752 1003 821 Ouo
1024 749 1155 825 peracta,

184 871 328 938 consultis
340 865 542 930 cardinalibus
554 863 653 924 Secrae
671 845 858 934 Inquisitinni
872 835 1059 924 preposita,
1075 835 1158 892 motu

187 960 318 1044 proprio,
337 957 486 1038 plenaque
504 971 557 1013 sua
572 944 732 1030 apostolica
747 933 938 1002 auctoritate,
953 943 1004 988 eas
1028 938 1109 1000 quus
1131 917 1159 978 in

188 1057 340 1132 posterum
357 1041 517 1106 servandas
528 1039 590 1100 iore
602 1035 706 1106 voluit,
723 1025 847 1091 inseruit
861 1011 1074 1082 constitutioni
1086 1006 1162 1068 inci·

190 1137 280 1220 pienti
298 1132 476 1217 Apostolieoe
484 1128 577 1199 Sedis,
594 1143 684 1206 quam
696 1100 1081 1181 entdtrtetntnusonotnis
1092 1094 1161 1157 anni

194 1227 280 1296 1869,
296 1241 365 1304 quae
382 1222 497 1299 integra
513 1217 572 1297 legi
592 1219 688 1296 potest
701 1211 731 1270 in
752 1205 813 1266 fine
827 1209 849 1263 t.
868 1204 882 1262 l
906 1193 1034 1273 hujusce
1049 1184 1161 1266 operis.

231 1317 274 1376 Ex
289 1313 334 1373 his
344 1313 427 1391 juvat
443 1310 492 1370 lrlc
506 1307 536 1368 in
548 1299 725 1366 memoriam
736 1303 936 1357 revocnreeas
948 1280 1062 1363 quillus
1076 1291 1166 1356 poena

193 1398 516 1467 excommunicationis
529 1397 688 1456 reservatae
703 1395 749 1447 est
763 1397 881 1445 annexa
895 1394 903 1436 ε
918 1373 990 1435 cum
1005 1365 1091 1428 enim
1103 1377 1167 1422 sus

194 1493 355 1575 pensiones
375 1489 419 1551 rel
437 1483 607 1556 interdicta,
632 1479 720 1540 eliam
745 1474 903 1537 reservata,
920 1478 982 1524 non
998 1451 1168 1536 impediam

195 1581 359 1663 quominus
369 1577 548 1660 {innitentes
561 1591 579 1634 a
593 1567 654 1630 suis
670 1563 798 1648 peccatis
809 1557 929 1620 valeant
944 1541 1072 1618 absolvi,
1086 1537 1169 1601 nulla

196 1681 242 1734 est
265 1678 426 1732 necessitas
449 1665 487 1726 de
511 1661 574 1724 istis
599 1673 681 1719 nuno
705 1663 879 1714 sermonem
907 1638 1088 1705 instituere;
1118 1623 1171 1686 sed

198 1761 397 1840 opportunius
412 1773 463 1816 eas
483 1762 671 1830 exponemus
683 1735 838 1803 tractando
852 1732 889 1795 do
902 1723 1039 1792 censuris
1053 1721 1086 1782 in
1096 1715 1171 1777 libro

200 1850 295 1910 terlio.
808 1865 810 1872 s

241 1938 328 1996 llttll.
353 1935 447 1993 Porro
470 1928 557 1991 diclae
571 1915 900 1987 excommunicationes
918 1903 1043 1968 induas
1060 1895 1174 1960 classes

202 2023 376 2084 diuiduntur
402 2019 493 2081 :aliae
516 2013 638 2096 speciali
667 2008 758 2073 modo
783 2010 854 2066 sunt
876 2000 1014 2059 Romano
1034 1979 1175 2050 Pontifici

203 2117 358 2174 reservatae
370 2128 378 2180 ;
402 2109 467 2170 aliae
481 2115 581 2168 autem
596 2099 772 2182 simpliciter
785 2091 844 2175 Ipsi
853 2092 1052 2150 reservantur.
1065 2075 1177 2155 Sicera

205 2209 340 2264 recenset
350 2197 486 2260 Pontifex
501 2213 508 2258 :

250 2331 618 2398 «Ercommunieotiones
653 2325 722 2387 lotoe
754 2315 906 2383 sententie
936 2301 1060 2393 mericii
1093 2294 1181 2360 morlo

425 2456 440 2494 a
468 2434 599 2495 Rornono
630 2422 772 2505 Pontifici
798 2421 963 2480 reservate.

248 2579 317 2622 ι....
341 2550 654 2618 Excommnnieationi
679 2549 747 2609 latae
770 2539 927 2606 sentcntiae
948 2525 1068 2610 speciali
1087 2536 1181 2586 mono

208 2671 224 2711 a
250 2650 386 2708 llonmno
405 2643 538 2704 t'ontilrci
561 2647 717 2702 reservatae
733 2634 888 2710 subiacere
902 2623 1108 2686 declaramus.

251 2741 338 2798 tots.
364 2741 395 2796 1⁰
415 2756 429 2792 o
450 2733 562 2793 Omnes
582 2727 774 2791 achristiana
788 2721 846 2781 ferlo
861 2721 1010 2796 apostatas
1028 2714 1057 2768 ct
1071 2715 1182 2764 omnes

211 2848 226 2886 a
251 2844 285 2885 nc
300 2824 435 2902 singulos
453 2820 629 2894 haereticos,
644 2827 839 2896 quocumque
856 2803 979 2868 nomino
1001 2799 1183 2860 censeantur

212 2933 227 2974 a
253 2921 281 2972 ct
306 2914 526 2989 cujuscumque
562 2913 650 2969 sectae
684 2902 832 2970 existant,
862 2893 967 2972 eisque
1001 2883 1182 2948 credontes.

213 3021 229 3061 r
254 3018 420 3079 eorumque
436 3007 618 3078 receptores,
634 2993 775 3062 lautores,
789 3003 824 3048 ac
839 2978 1019 3066 generaliter
1033 2969 1184 3054 quoslibet

214 3111 230 3148 s
257 3089 377 3149 illorum
387 3087 601 3150 defensores.»
620 3075 799 3142 -Proinde
811 3076 892 3155 ipsos
909 3065 1021 3148 impios
1035 3057 1087 3140 qui
1105 3057 1183 3119 reri-

216 3178 325 3239 tatinus
340 3179 475 3238 revelatis
489 3174 656 3236 detrectant
669 3169 782 3251 quique
801 3165 833 3225 in
848 3169 910 3223 tam
928 3169 1041 3234 niagno
1057 3159 1184 3209 numero

218 3266 349 3329 existunt
362 3268 392 3326 in
405 3266 461 3327 hac
479 3273 577 3326 nostra
591 3259 743 3323 incredulo
757 3259 856 3318 aetate.

264 3361 353 3421 toto.
367 3360 400 3415 2⁰
412 3377 427 3413 o
440 3357 552 3416 Omnes
561 3359 590 3412 et
600 3347 738 3428 singulos
750 3337 1033 3416 scienterlegentes,
1046 3328 1112 3402 sine
1121 3339 1186 3387 nuc·

219 3473 237 3516 a
261 3449 377 3512 loritate
392 3443 478 3504 Sedis
492 3435 784 3521 Apostottcae,tm1·0s
797 3423 1185 3500 eorumdomaposlatarum

220 3561 236 3603 r
262 3547 293 3602 et
316 3533 525 3597 hereticorum
539 3526 678 3590 heresim
693 3526 921 3606 propugnantes
936 3559 947 3591 ,
961 3524 1083 3574 necnon
1097 3503 1187 3565 libror

221 3649 240 3694 r
263 3620 395 3705 cuiusvis
409 3616 538 3683 auctoris
550 3634 602 3698 per
614 3611 793 3698 apostolicas
803 3611 915 3672 litteras
929 3595 1111 3666 nominatim
1124 3605 1188 3672 pro·
