2522 3996
199 272 236 334 36
413 286 551 333 nanuaua
571 284 671 332 rorros
691 283 774 331 ioars
794 283 942 333 cmonror.

199 393 295 454 miirrn
310 390 466 470 negligens
480 395 526 452 est
540 389 570 452 in
585 387 759 468 hujusmodi
771 387 908 450 doctrina
921 383 1086 450 christiana
1103 384 1178 451 edo·

197 481 303 543 cendt.
319 480 409 562 Apud
426 479 541 554 Bonis,
558 477 614 554 66,
629 497 659 559 p.
675 480 744 540 60t.

238 568 322 642 Quod
337 577 436 630 autem
448 569 549 646 ,Juste
562 567 600 630 dc
614 569 719 636 causo
735 565 831 628 valeat
851 563 1000 648 parochus
1018 583 1074 648 per
1098 566 1179 629 ulios

199 657 324 720 idoneos
337 657 409 719 huic
421 657 595 737 obligationi
605 654 786 732 satisfacere
797 654 957 716 admittunt
965 655 1029 715 DD
1040 671 1181 718 commu·

203 747 280 809 niter
296 767 356 829 rap.
370 746 508 818 Bouixst
505 743 595 823 durni)

242 839 329 898 loos
353 837 428 896 Item
456 842 590 915 satagere
611 833 702 894 debet
689 832 872 915 tparochus
894 837 928 894 ut
949 851 1005 915 pro
1028 833 1133 915 pueris
1151 843 1182 898 el

201 925 310 1008 puellis
321 921 494 985 erudiendis
504 924 657 1003 erigantur
668 921 785 991 scholae.
799 921 1037 1003 quasvisitareot
1052 929 1086 984 ut
1099 925 1183 985 recte

201 1013 396 1074 moderentur
407 1011 573 1093 providere,
585 1011 729 1092 adipsum
741 1015 873 1092 spectat·
866 1057 873 1070 .
894 1011 1184 1092 «Quisquepresby-

201 1123 217 1161 n
241 1108 287 1162 ter
297 1101 348 1181 qui
361 1099 473 1182 plebem
487 1101 575 1181 repit,
588 1099 732 1161 clericum
742 1098 850 1160 lrabeat
863 1099 914 1180 qui
926 1106 1029 1160 seciam
1040 1106 1181 1162 cantet...

203 1212 218 1250 n
243 1196 272 1252 et
285 1189 401 1251 scholas
423 1190 516 1270 possit
535 1197 635 1251 tenere
656 1196 685 1250 et
708 1206 832 1250 monere
847 1205 918 1249 suos
931 1187 1132 1268 parochianos
1150 1197 1184 1252 ui

203 1301 218 1338 n
243 1277 321 1340 filios
335 1296 405 1339 suos
419 1277 457 1338 ad
476 1277 567 1338 tidem
588 1276 756 1339 docendam
781 1277 898 1339 mittant
912 1275 949 1335 ,nl
974 1277 1148 1340 eeclesiam.
1163 1300 1181 1337 ι

204 1369 287 1450 (Cap.
306 1366 347 1429 tlt
359 1368 524 1448 quisqam,
539 1366 574 1428 de
589 1365 650 1428 otto
664 1374 693 1428 ct
706 1365 816 1427 honest.
830 1365 946 1448 cleric.)

588 1565 742 1625 ruodrud
761 1565 790 1625 l.

269 1729 307 1776 DE
327 1728 519 1776 ouotoamollu
539 1727 666 1774 eoadem
686 1725 879 1772 mmmmm
901 1725 1109 1776 osculnm.

247 1890 334 1950 loos.
345 1887 484 1948 Dicemus
497 1880 577 1945 inira
586 1883 739 1946 tractando
749 1883 786 1945 de
798 1901 831 1945 re
841 1886 1084 1960 sacramentarii,
1097 1907 1168 1968 queo

207 1994 277 2037 nam
297 1977 355 2037 sint
371 1975 459 2036 vnriae
477 1973 674 2054 obligationes
695 1973 896 2054 parochorum
911 1975 990 2036 circa
1009 1993 1184 2039 sacramen·

206 2071 305 2126 torum
323 2063 628 2136 administrationem3
645 2061 693 2122 hic
713 2063 812 2124 solum
829 2062 1060 2143 expendendum
1084 2073 1131 2126 est
1144 2085 1183 2127 an

207 2159 235 2214 et
250 2152 402 2234 quomodo
412 2159 569 2213 tencantur
579 2149 701 2232 parochi
712 2150 921 2213 administrare
929 2153 960 2212 in
968 2171 1079 2233 genere
1087 2172 1184 2216 sacra·

207 2250 318 2304 menta.

251 2352 266 2389 a
286 2331 454 2392 Commune
472 2335 531 2402 est,
547 2328 646 2410 inquit
659 2329 690 2388 S.
706 2318 833 2408 Ligno}
849 2329 915 2408 (lib.
928 2334 958 2404 6,
975 2341 1008 2392 n⁰
1023 2335 1085 2408 58),
1100 2334 1184 2414 quod

208 2443 222 2478 n
247 2427 380 2502 pastores
403 2425 561 2480 teneantur
583 2415 771 2495 exjustitia,
794 2418 910 2479 ratione
939 2421 1077 2502 stipendii
1100 2423 1185 2501 quod

208 2531 222 2566 n
247 2509 387 2588 exigunt,
411 2512 596 2587 sacramenta
622 2505 792 2566 ministrare
817 2505 880 2568 suis
902 2506 1029 2571 subditis
1052 2511 1183 2573 rationa-

208 2619 222 2655 o
247 2595 345 2658 biliter
359 2595 544 2678 petentibus,
561 2593 651 2654 etiam
666 2601 748 2654 extra
763 2611 883 2673 gravem
899 2597 1107 2660 necessitatem
1123 2603 1184 2675 (aul

207 2709 222 2746 n
247 2703 334 2748 casus
348 2685 459 2767 quihus
477 2691 658 2765 praeceptum
674 2683 919 2744 communicandi
939 2685 1067 2767 obligat,
1083 2687 1136 2749 lib.
1153 2693 1183 2765 6,

208 2797 223 2833 n
248 2787 279 2836 nn
295 2775 376 2852 ⁶253).
392 2777 430 2834 Et
444 2771 569 2855 proinde
584 2779 687 2852 peccat
701 2778 801 2852 pastor
815 2773 865 2852 qui
889 2790 1044 2836 morosum
1066 2777 1112 2838 vel
1126 2776 1184 2838 dil·

208 2885 223 2921 o
248 2862 358 2925 ficilem
373 2863 498 2924 subditis
512 2880 544 2922 se
558 2859 692 2921 reddit...
703 2859 902 2922 Excusabitur
911 2869 1012 2924 lamen
1024 2867 1039 2924 6
1052 2867 1183 2938 mortali,

210 2973 224 3009 o
249 2951 273 3012 si
294 2952 388 3024 semel
406 2958 457 3012 aut
477 2951 584 3011 iterum
600 2955 682 3009 extra
703 2948 910 3010 necessitatem
931 2962 1119 3015 sacramenta
1132 2955 1186 3016 de·

209 3061 223 3098 n
249 3048 352 3120 negat;
380 3041 451 3121 quia
481 3056 541 3100 non
574 3035 690 3098 videtur
717 3042 779 3098 tom
808 3039 907 3100 stricte
935 3057 967 3100 se
997 3041 1171 3122 obligasse..

209 3149 224 3186 n
252 3131 397 3190 Aversa...
412 3128 519 3208 excipit
534 3127 557 3187 si
571 3125 707 3186 sultdilus
719 3133 829 3207 peteret
837 3145 873 3188 ex
884 3129 1002 3207 urgenti
1013 3133 1184 3210 occasione,

209 3238 224 3274 o
248 3236 277 3279 v.
294 3237 324 3297 g.
340 3217 416 3278 Festi
431 3215 585 3287 solemnis,
602 3222 687 3276 etc.»
705 3215 779 3276 Vide
794 3217 883 3276 etiam
899 3217 1053 3297 Leonem,
1070 3229 1102 3279 n·
1114 3225 1184 3283 ors.

254 3305 397 3367 ul‘ueris
414 3305 465 3384 qui
488 3304 550 3381 jam
574 3309 642 3364 suot
668 3311 823 3385 compotes
842 3306 984 3381 rationis,
1007 3307 1036 3366 in
1061 3309 1189 3370 articulo

131 3437 138 3446 -
210 3394 372 3470 amomis,
397 3411 458 3453 non
478 3393 576 3452 solitm
599 3394 775 3453 communio
794 3393 856 3455 dari
878 3401 1010 3474 polest...
1028 3395 1187 3460 sedetiam

210 3482 425 3543 pd.ebetoS.
442 3482 576 3560 liguor„
592 3480 644 3540 lib.
661 3484 690 3554 6,
708 3495 741 3541 n⁰
755 3485 823 3545 301
839 3481 912 3543 dub.
930 3487 958 3544 2.

251 3571 310 3629 Pro
326 3567 518 3634 Furharrstnl
535 3569 654 3629 vidoS.
675 3569 811 3648 Liguor„
827 3571 878 3631 lio.
895 3577 930 3649 6,
947 3582 980 3634 n⁰
994 3573 1072 3640 253·
1065 3583 1189 3658 ‚cipro

211 3654 403 3735 Prcnitentrai,
419 3657 460 3716 ib.
453 3699 475 3734 .,
491 3673 524 3716 m
536 3663 607 3718 623.
