2528 3996
466 295 550 339 cisen
572 295 688 340 ruimus.
1009 283 1066 344 505

90 391 233 454 dictionis
247 410 317 472 quse
331 394 501 455 necessarid
520 393 598 462 intra
621 393 730 455 limites
744 394 931 458 dioeeesanos
947 396 1067 457 restrin-

91 481 195 562 gitur),
211 483 228 542 a
242 480 292 541 toli
310 482 460 562 Episcopo
475 481 504 543 in
520 481 660 562 grauibus
673 481 939 546 administrationis
951 485 1067 552 actibus

91 571 137 632 sic
150 569 293 632 directiud
307 569 508 651 dependeant.

131 663 220 722 aaut.
244 658 331 722 Unde
346 667 449 721 contro
464 659 648 723 hierarchica
658 661 804 743 principio
814 679 940 743 peecare
949 662 1065 728 videtur

91 748 216 810 assertio
228 747 366 810 Proelect.
379 747 413 810 S.
426 748 564 828 Snlpr'tr'i,
578 758 611 810 n⁰
620 753 691 826 452,
702 750 754 812 ubi
767 749 877 814 dicitur
893 770 908 821 ε,
917 775 932 810 c
944 752 973 814 Si
988 753 1065 814 Con·

91 858 106 894 n
132 837 266 918 gregario
282 835 390 899 habeat
403 837 512 900 domus
526 839 557 899 in
572 838 709 926 pluribus
722 839 922 917 dioecesibuS,
941 847 972 902 et
984 841 1067 922 Epis

92 947 107 984 r
133 943 227 1007 copus
242 925 296 989 ioci
309 971 316 1001 ,
331 926 383 988 ubi
398 925 453 988 sita
470 933 515 988 est
528 925 637 988 domus
657 925 847 1008 principalis,
872 927 910 989 sit
923 930 1067 1010 Superior

92 1033 106 1072 r
133 1014 279 1094 generalis
292 1015 383 1078 totius
391 1015 521 1088 Ordinis,
533 1014 650 1078 adeum
660 1032 816 1078 recurrere
826 1015 938 1078 debent
950 1018 980 1078 in
995 1021 1067 1098 qut·

91 1123 105 1160 ι
135 1120 264 1184 cumque
285 1102 407 1168 dioecesi
438 1112 507 1166 actu
534 1112 709 1178 versentur,
735 1104 787 1186 qui
812 1101 1065 1186 dispensationem

90 1214 105 1250 n
133 1191 293 1272 postuiant.
310 1215 326 1251 p
343 1195 420 1256 Cbm
434 1193 515 1272 enim
531 1200 661 1274 potestas
674 1192 866 1274 dispensandi
881 1193 917 1256 ad
930 1194 1067 1273 jurisdic-

91 1281 206 1342 tionem
229 1281 391 1362 pertineat,
417 1282 559 1344 sustineri
583 1299 644 1343 non
669 1288 765 1363 potest
791 1281 874 1362 qudd
900 1283 1066 1364 Episcopus

92 1370 187 1432 raieat
213 1371 304 1433 talem
326 1377 503 1452 potestatem
523 1377 606 1433 extra
629 1387 716 1432 suam
738 1368 893 1432 dioecesinr
907 1389 1063 1450 exercerc,

92 1457 149 1520 nisi
171 1459 300 1540 speciale
321 1459 422 1541 quoad
442 1459 499 1522 hoc
519 1458 629 1522 aSede
654 1457 824 1541 Apostolica
844 1457 1008 1522 obtinuerit
1021 1463 1067 1524 ln-

91 1547 222 1610 dulium.

134 1641 221 1700 2978.
237 1639 360 1702 Rectius
373 1639 507 1721 loquitur
521 1640 608 1702 Pater
629 1636 800 1713 sicutenim,
822 1635 923 1698 Trnr'te'
937 1636 971 1698 dc
985 1635 1067 1698 l'e‘tot
1140 1705 1154 1720 ..

90 1725 283 1818 r=elr'p.,tom.
300 1733 339 1807 2,
356 1749 386 1810 p.
402 1733 461 1808 20,
482 1729 552 1791 edit.
573 1731 662 1804 1816,
678 1725 729 1788 ubi
744 1725 787 1788 sic
801 1725 891 1788 habet
907 1745 914 1786 :
941 1728 1068 1798 cOuunt

90 1839 105 1874 a
133 1817 303 1899 tl'Evdquc
318 1836 468 1904 reeomm,
478 1835 597 1882 comme
611 1817 639 1878 le
654 1815 784 1898 premier
798 1815 961 1896 Superieur
983 1815 1021 1876 dc
1041 1815 1067 1878 ia

89 1932 104 1963 e
133 1907 365 1988 Congregation,
377 1907 453 1988 s’ily
468 1925 534 1968 eno
549 1925 590 1968 un
606 1905 657 1986 qui
670 1904 782 1983 jouisse
792 1903 829 1965 de
840 1905 1065 1983 retinemento,

90 2020 104 2052 u
132 2013 180 2058 ses
190 1995 330 2077 pouvoirs
340 1995 528 2077 de'pendent.
539 2003 632 2076 quant
647 1995 738 2055 bieur
750 1991 888 2062 diendue,
902 1991 956 2053 des
970 1993 1068 2073 regies

90 2109 105 2142 n
132 2085 171 2146 de
181 2085 208 2146 ia
219 2084 437 2166 Congregetion
452 2085 503 2165 qui
519 2085 563 2146 les
575 2083 792 2156 determinent,
808 2089 839 2142 et
852 2080 889 2142 de
901 2078 1065 2162 l'epprodu-

91 2197 117 2231 »-
134 2174 195 2234 tion
208 2173 247 2236 du
261 2173 450 2254 Scr'nt-Sr'e‘pe
463 2171 516 2255 qui
531 2173 571 2234 les
585 2172 734 2254 conficere.
751 2174 832 2232 'l‘ous
853 2169 896 2230 les
917 2169 1067 2233 membres

93 2285 108 2319 n
131 2260 169 2324 de
182 2270 257 2326 cette
271 2263 491 2343 Congrdgction
507 2261 547 2323 lui
562 2267 632 2322 sont
644 2259 759 2322 soumis
772 2276 843 2321 sous
856 2260 984 2320 certains
998 2279 1066 2342 rap·

93 2373 107 2409 o
134 2359 215 2433 ports
230 2352 316 2431 (mais
331 2369 392 2412 non
418 2351 462 2412 les
476 2359 620 2412 couvents
634 2348 738 2410 etabiis
759 2347 835 2410 dans
852 2347 984 2409 d'autres
1001 2348 1067 2411 dio-

92 2465 106 2500 n
133 2443 235 2518 ceses,
252 2441 382 2522 lesquels
398 2439 569 2522 dependent
583 2438 637 2499 des
650 2435 833 2512 Ordinaires)
846 2482 854 2509 ,
869 2453 946 2514 pour
966 2453 1002 2497 ee
1015 2439 1067 2516 qui

92 2554 107 2588 c
133 2529 258 2610 regarde
274 2531 301 2591 ia
314 2529 461 2592 direction
476 2534 507 2591 et
524 2528 552 2590 ic
566 2527 626 2589 bon
640 2525 745 2601 ordre,
771 2522 928 2586 considere
948 2541 1068 2588 comme

92 2643 107 2679 u
133 2619 162 2681 le
177 2618 364 2696 Fcndateur,
379 2637 419 2681 ou
433 2617 474 2680 du
490 2617 589 2680 moins
603 2616 631 2676 le
645 2615 777 2695 premier
798 2609 961 2692 Superieur
982 2611 1020 2673 de
1041 2611 1069 2674 la

92 2731 107 2768 o
133 2709 365 2790 congregation,
389 2709 408 2769 ii
432 2707 565 2788 pourrait
579 2705 668 2778 faire,
682 2700 821 2764 d’accord
836 2716 906 2761 avec
918 2699 964 2761 tes
978 2701 1071 2782 Supe-

93 2820 107 2856 υ
133 2798 229 2860 rieurs
244 2801 344 2860 meme
357 2796 395 2859 de
410 2795 536 2872 i'tirdre,
552 2795 604 2857 des
620 2793 837 2874 changements
851 2787 1031 2852 accidenteis
1041 2795 1070 2852 ct

99 2911 108 2944 2
133 2893 274 2970 apporter
288 2887 434 2968 quelques
452 2883 672 2946 modifications
693 2899 753 2944 cus
779 2878 887 2962 regies.
908 2877 1070 2943 L’dtenduo

91 3004 108 3037 a
133 2977 172 3039 de
186 2994 242 3038 son
256 2975 382 3038 autorite'
403 2993 442 3038 ne
466 2981 537 3056 peut
556 2977 619 3037 etre
640 2973 709 3034 bien
730 2969 953 3032 determinde...
978 2970 1069 3050 qu’en

94 3091 108 3126 c
135 3067 280 3148 presence
306 3064 361 3127 des
387 3063 607 3126 circonstances
634 3059 840 3143 particulieres
871 3059 923 3140 qui
955 3060 1071 3120 varient

93 3179 108 3216 u
135 3155 304 3238 beaucoup.
333 3155 373 3216 Ge
397 3153 469 3235 qu’ii
492 3173 512 3234 y
532 3171 550 3215 a
572 3152 609 3214 de
632 3149 764 3222 certain,
786 3148 860 3210 c'est
881 3165 940 3227 que
955 3147 1070 3236 piraque

93 3269 109 3306 n
135 3246 253 3307 maison
269 3243 458 3327 particuiiere
473 3251 550 3304 reste
564 3259 635 3304 scus
649 3239 677 3302 la
687 3236 861 3320 juridiction
876 3235 915 3295 de
930 3234 1071 3314 i’lireque

93 3357 109 3394 c
135 3333 327 3396 diocesem...
353 3333 438 3394 Ainsi
461 3332 497 3393 l’a
521 3330 639 3394 declare'
661 3329 688 3389 lc
714 3328 823 3389 Sacree
849 3323 1071 3402 Congregntion

93 3447 109 3484 n
134 3420 562 3486 desGardinauxai’occcsion
571 3419 625 3481 des
636 3412 862 3502 religieusesdu
873 3411 936 3472 Bon
948 3413 1072 3474 Pasteur

94 3536 110 3573 o
134 3512 305 3595 d’dngers,
322 3515 359 3574 18
374 3529 454 3574 mars
469 3513 558 3573 1835.
575 3531 590 3568 n
615 3527 617 3530 ·

136 3605 226 3666 2979.
248 3599 473 3664 Observandbm
489 3606 645 3662 esttamen
658 3597 737 3660 cirea
751 3593 810 3658 hoc
824 3589 964 3655 ultimum
977 3592 1069 3671 quod,

93 3693 180 3774 juxta
193 3691 335 3754 Analecta
349 3691 441 3770 (janu.
458 3693 532 3754 1861
549 3689 621 3769 eoi,
636 3690 718 3766 508),
728 3689 837 3749 Sancta
847 3680 939 3742 Sedes
950 3699 1009 3743 non
1024 3684 1074 3742 ad·
1103 3717 1107 3725 .

865 3783 934 3848 ¹6⁸*
