2522 3992
453 193 540 240 crem
560 193 676 238 remus.
998 189 1052 250 501

74 292 116 357 ud
130 290 304 356 edocendes
317 290 435 374 puellus
445 295 483 356 sit
496 295 514 354 l
527 294 559 355 S.
576 293 653 355 Sede
667 299 841 375 appronetn,
851 293 897 356 rel
911 291 1054 356 habeatur

77 399 220 462 expressa
234 381 354 444 licentia
371 382 403 446 S.
428 383 539 462 Congr.
555 381 656 463 Episc.
671 388 702 444 ei
715 383 895 463 Reguler...;
912 381 1055 464 Superior

78 471 124 533 rel
141 471 307 552 Episcopus
320 471 372 551 qui
387 470 590 552 receptionem
604 470 713 551 puellae
723 471 919 552 permitteret,
931 488 1052 534 excom-

76 559 279 622 municationi
302 560 472 639 subjaceret
486 578 494 620 r
507 577 564 622 nec
592 559 670 622 valet
689 560 876 624 consuetudo
891 561 922 622 in
936 567 1053 623 contra·

78 648 181 724 rium,
204 648 303 729 inquit
324 647 418 711 Bouix
439 649 494 726 (Dr
515 647 637 730 depol,
657 654 732 711 tom.
749 652 764 711 l
779 696 787 729 ,
803 669 833 730 p.
852 653 944 728 669);
967 653 998 711 2⁰
1022 657 1055 712 ut

77 735 165 798 locus
181 735 215 798 iis
229 735 335 817 puellis
348 735 515 799 destinatus
529 735 560 798 in
575 736 774 812 monasterio,
795 737 953 800 distinctus
967 737 1005 800 sit
1017 738 1055 800 nb

78 825 196 886 aedibus
210 827 227 886 ir
242 824 422 887 monialibus
440 825 612 906 occupetis;
635 829 666 888 3⁰
680 835 713 888 ut
725 826 834 907 puellae
850 827 889 888 de
904 845 1053 888 consensu

79 915 251 995 Superioris
264 922 293 975 et
308 913 486 976 monialium
501 933 555 994 per
568 913 709 995 suffragia
724 922 838 977 secreta
850 915 1052 996 recipiantur;

79 1007 114 1064 4·
129 1011 161 1064 ut
172 1021 234 1064 non
248 1002 410 1065 excedatur
425 1021 570 1066 numerus
584 1003 960 1084 monesterioossignatus;
977 1009 1008 1065 5⁰
1023 1011 1055 1066 ut

81 1111 143 1154 non
154 1091 348 1154 admittentur
359 1099 429 1154 ante
439 1092 601 1174 septimum
611 1106 726 1154 annum
745 1099 775 1155 et
792 1099 981 1174 postennum
992 1097 1053 1153 25:

79 1181 233 1262 completo
247 1187 349 1242 eutem
363 1199 444 1244 enno
458 1185 514 1256 25,
532 1181 639 1262 puellae
658 1181 721 1258 jam
740 1181 878 1243 ndmissae
899 1179 1056 1262 prefigen-

80 1268 139 1332 dus
154 1276 199 1331 est
221 1268 259 1330 ab
279 1269 435 1332 ordinario
453 1271 614 1346 terminus,
627 1269 705 1330 intra
719 1288 812 1350 quem
825 1270 872 1332 uel
886 1269 1055 1350 egrediatur

80 1359 127 1420 vel
143 1357 456 1439 hebitum'lleligionis
476 1358 639 1440 suscipiet;
655 1361 687 1420 6⁰
702 1361 735 1420 ut
749 1357 848 1440 puella
863 1356 928 1420 sine
948 1357 1055 1421 ancille

81 1445 264 1521 admittatur,
280 1446 417 1510 modesto
431 1453 461 1510 et
474 1466 535 1509 non
551 1447 706 1510 mundano
719 1445 822 1508 habitu
839 1445 962 1522 indute;
978 1452 1010 1507 '1⁰
1023 1455 1056 1509 ut

82 1534 177 1596 semel
191 1535 318 1598 admisse
334 1554 394 1598 non
408 1535 590 1618 egredietur,
602 1543 654 1600 cut
666 1537 691 1599 si
706 1553 825 1617 egresse
840 1534 938 1610 fuerit,
954 1535 1056 1598 deuud

83 1642 147 1685 non
162 1624 338 1706 suscipietur
352 1625 465 1704 absque
486 1630 627 1706 expressit
649 1627 680 1688 S.
706 1627 816 1706 Congr.
837 1623 977 1701 licentio,
998 1623 1055 1686 nisi

82 1712 194 1776 rediret
207 1712 243 1774 sd
258 1713 483 1796 suscipiendum
499 1714 634 1778 habitum
649 1715 836 1796 religiosum.

121 1827 210 1910 Μ.
232 1823 294 1887 Illae
306 1833 407 1887 tumen
428 1825 616 1888 conditiones
630 1845 693 1888 non
707 1827 904 1908 requiruntur
916 1843 972 1906 pro
986 1844 1055 1888 mo-

82 1913 218 1975 nasteriis
232 1913 378 1976 clausurae
393 1915 490 1996 papali
505 1933 567 1976 non
581 1916 742 1994 subjectis,
767 1915 894 1997 proinde
915 1914 947 1976 in
962 1914 1055 1978 Gallie

81 2019 145 2063 non
159 2002 364 2084 requiruntur.
380 2003 455 2065 Vide
471 2004 585 2080 Bouix,
600 2003 687 2080 ibid,
704 2023 735 2086 p.
750 2007 893 2092 668-6'll.

121 2118 210 2176 ulid.
235 2115 268 2175 ln
297 2113 401 2190 Gallie,
426 2115 679 2198 Congregotiones
699 2115 847 2199 religiose
866 2117 883 2178 lt
903 2117 1055 2182 Gubernio

82 2201 183 2284 quood
210 2202 268 2266 hoc
288 2203 475 2285 approbate,
495 2205 665 2288 puellarum
688 2203 856 2268 educationi
879 2206 1055 2271 incumbere

83 2299 227 2373 possunt:
257 2292 320 2354 imd
343 2293 491 2374 religiosae
513 2293 685 2372 hujusmodi
707 2295 914 2360 institutorum
939 2295 1055 2359 habiles

82 2380 337 2461 reputanturhuic
347 2383 478 2459 muneri,
488 2381 580 2444 modd
594 2383 773 2446 obtineantd
783 2388 838 2446 sud
853 2385 1054 2465 Superiorissd

81 2470 219 2532 Genereli
236 2470 354 2532 litterar
364 2469 578 2542 obedientiales,
592 2491 660 2553 quae
670 2471 713 2535 eis
723 2471 824 2534 locum
837 2479 941 2534 tenent
950 2473 1055 2536 Breuis

83 2557 266 2640 Capacitutis
289 2560 398 2634 (bremt
420 2558 454 2622 de
476 2561 616 2642 capacite)
636 2562 653 2622 d
675 2559 742 2640 lege
765 2559 898 2640 requisiti
913 2562 978 2637 (art.
994 2568 1053 2636 49,

82 2645 157 2728 legis
180 2651 217 2709 15
242 2649 338 2710 mertii
360 2651 460 2728 1850).
484 2685 524 2694 -
542 2650 690 2711 Caeterum
711 2647 749 2710 de
772 2647 958 2729 legislatione
977 2650 1055 2714 civili

81 2735 162 2796 circe
176 2735 402 2799 instructionem
423 2737 524 2800 datam
539 2737 569 2800 in
583 2737 873 2819 Congregationibus
887 2737 1053 2820 religiosis,

82 2821 150 2884 ride
164 2823 286 2887 citatum
300 2827 335 2886 ll.
355 2825 518 2899 dulmene,
546 2825 647 2888 Trans
661 2825 696 2888 de
715 2825 846 2889 l’cdmin.
869 2834 991 2912 tempor.
1006 2829 1055 2893 der

82 2909 232 2975 Commun.
250 2912 353 2990 reliq„
364 2919 437 2989 etc,
452 2932 483 2991 p.
500 2919 644 2979 tur-ule.

122 3004 210 3064 mn.
240 3004 284 3066 lle
309 3003 426 3066 licentio
451 3003 545 3066 solius
573 3003 661 3083 Pnpae
684 3001 805 3065 lemulae
830 3003 992 3068 saeculeres
1016 3009 1052 3070 sd

81 3089 220 3153 obeunda
235 3092 409 3170 communia
424 3090 595 3156 monasterii
611 3091 728 3154 servitio
744 3091 858 3153 admitti
882 3105 1007 3172 possunt
1022 3099 1052 3158 in

82 3182 271 3244 monasteriis
286 3183 449 3246 mulierum
459 3181 609 3244 clausurae
620 3181 717 3262 papali
734 3181 958 3260 subjacentium
976 3203 1052 3257 ;cae-

81 3276 153 3332 terre
174 3269 315 3334 mulieres
333 3289 393 3333 mm
411 3279 481 3332 sunt
501 3271 572 3333 item
587 3270 779 3332 admittendas
798 3268 913 3352 absque
929 3269 1052 3335 licentia

82 3357 167 3421 Sedis
183 3361 373 3439 Apostolioae.
392 3359 465 3422 Vide
483 3359 588 3437 dorix,
603 3358 657 3434 id„
672 3379 702 3440 p.
719 3362 788 3422 673.

122 3447 198 3519 Ouid
215 3459 317 3511 nutem
332 3451 370 3511 sit
387 3448 552 3512 dicendum
566 3449 603 3511 de
620 3449 728 3528 puellis
741 3448 771 3508 in
794 3445 976 3512 monasteris
996 3447 1049 3514 od-

1253 3461 1254 3504 t

82 3535 191 3613 missis,
211 3537 311 3616 qurisd
333 3539 572 3610 matrimonium,
587 3534 840 3603 Commuuionem
862 3538 1043 3605 Poschalem
1170 3509 1254 3932 j
