2522 3992
225 235 285 296 430
446 245 584 294 annnam
603 244 704 292 ronus
723 243 805 292 snum
825 242 971 290 canuntur.

224 349 381 434 Episcopis
395 347 585 412 introducere
596 363 687 408 novas
701 345 872 425 Religiones
881 349 933 406 aut
945 341 1091 420 Ordines,
1105 341 1144 404 ila
1156 359 1188 406 ex
1240 421 1241 424 Ἴ

224 441 268 504 eis
281 439 389 502 deduci
403 438 492 500 debet
510 433 664 518 Episcopis
678 451 800 515 quoque
819 431 1003 514 prohibitum
1021 431 1112 492 luisse
1130 431 1190 492 illos

225 530 405 610 approbare3
421 533 453 590 4⁰
465 527 508 589 sic
522 524 642 607 praelata
657 523 777 585 decreta
791 523 1053 604 interpretatusest
1065 522 1190 582 toanms

225 619 315 692 XXII,
326 619 356 680 in
370 621 489 679 Extrav.
505 613 625 677 Sanctae
638 613 788 688 bonane,
800 610 843 672 til.
860 609 933 688 'bele
943 610 1031 690 relig.
1046 608 1188 682 domibus,
1241 661 1242 692 p

224 706 275 768 ubi
301 706 453 789 loquendo
474 705 512 767 de
535 701 715 785 quibusdam
738 699 791 782 qui
814 698 949 762 habiturn
971 697 1144 779 religiosum
1165 707 1190 760 et
1241 693 1242 714 ¹

225 794 340 858 vivendi
354 797 445 858 ritum
459 791 667 858 existimabant
680 809 712 854 se
726 807 814 870 posse
828 787 939 850 babere
950 806 986 850 ex
1001 787 1064 850 sold
1077 787 1191 870 Episco

225 901 333 964 porum
347 885 599 948 autPraeletorum
609 878 835 961 approbatione,
846 877 903 940 ait:
920 879 1006 938 «Nec
1019 875 1063 938 eis
1076 875 1190 958 (nempe
1242 893 1243 936 l

224 993 239 1032 u
264 974 421 1054 Episcopis
431 980 482 1035 aut
493 969 635 1047 Praelatis)
644 966 810 1031 concedere
825 965 927 1045 licuit,
951 963 1190 1028 contritior-mam

223 1082 239 1120 a
265 1062 389 1124 Consilii
406 1061 598 1123 Generalis.»
614 1059 711 1138 Ergo,
728 1061 785 1118 etc.

265 1153 355 1213 2525.
371 1151 452 1214 Nota
472 1157 505 1213 2⁶
523 1148 610 1224 Oudd
628 1147 678 1210 illa
693 1145 741 1207 lex
763 1161 824 1207 non
845 1143 946 1207 solium
964 1143 1002 1206 sit
1021 1143 1192 1225 prohibens.

224 1238 277 1300 sed
305 1240 394 1302 etiam
418 1240 547 1301 irritans.
573 1241 615 1299 lta
646 1235 849 1298 communiter
876 1233 951 1310 ub,
973 1239 1004 1295 et
1022 1239 1139 1296 constat
1160 1254 1194 1298 rx
1243 1227 1244 1244 ³

224 1327 347 1409 praelatb
361 1327 504 1392 Decretali
524 1326 648 1391 Joannis
662 1327 741 1387 xxtt
755 1323 807 1386 ubi
826 1322 961 1385 decernit
975 1321 1110 1391 Pontifex
1129 1323 1195 1384 not-

226 1416 285 1479 lius
297 1417 388 1500 fuisse
408 1426 437 1480 rt
455 1437 512 1480 ease
525 1415 683 1501 firmitatis
701 1414 830 1495 ipsorum
844 1411 964 1474 Statum
982 1457 990 1488 ‚
1012 1419 1042 1472 et
1053 1411 1198 1494 quidquid

224 1505 276 1568 sub
306 1507 467 1588 Religionis
494 1527 542 1568 sen
567 1501 807 1585 Coepi-egotam
831 1501 945 1562 nomine
970 1519 1019 1562 seu
1045 1499 1140 1564 colore
1161 1505 1197 1563 ob
1244 1521 1245 1526 ¹

223 1595 329 1659 eisdem
345 1597 442 1678 suerit
455 1603 643 1657 attentatam.
660 1592 802 1673 Sequitur
816 1587 937 1652 aliunde
955 1609 991 1652 ex
1010 1593 1118 1652 naturd
1132 1595 1197 1655 Sta-

223 1687 271 1748 tds
285 1686 430 1768 religiosi,
447 1687 498 1767 qui
525 1683 692 1746 necessario
711 1679 812 1741 irritus
825 1688 855 1741 et
869 1678 971 1741 nullus
989 1687 1034 1742 est
1048 1681 1149 1742 statim
1163 1701 1199 1746 nc

223 1774 257 1836 lit
271 1775 408 1850 illicitus,
430 1775 473 1836 uti
498 1771 725 1834 ineluctabiliter
745 1768 872 1831 efficitur
889 1787 943 1849 per
963 1767 1195 1850 prohibitionem

222 1863 374 1924 Ecclesiae.
391 1863 476 1941 (Vide
492 1861 598 1938 llbulx,
615 1858 826 1938 bellegnium,
842 1863 915 1918 tom.
933 1861 962 1931 l,
974 1877 1004 1938 p.
1023 1861 1101 1937 199.)

262 1955 352 2012 2526.
377 1953 456 2012 llbto
474 1955 506 2012 3⁰
522 1953 591 2011 llaec
606 1947 765 2030 prohibitio
782 1946 978 2028 intelligenda
997 1955 1122 2011 estnon
1136 1961 1201 2015 tan·

221 2037 286 2100 tlnn
301 2039 339 2100 de
354 2039 574 2120 Religionibus,
591 2037 642 2100 sed
657 2039 746 2098 etiarn
767 2036 804 2098 de
822 2037 1113 2117 congregationibus
1126 2059 1198 2122 pro·

221 2129 285 2209 prid
300 2129 344 2190 rel
360 2129 523 2210 improprie
537 2127 644 2204 dietis,
664 2145 726 2188 non
745 2126 815 2188 verd
833 2124 870 2188 de
885 2125 1029 2188 sodalitiis
1045 2146 1101 2190 seu
1129 2149 1200 2193 con
1246 2155 1247 2176 ³

220 2216 462 2280 fraternitatibus.

259 2307 371 2369 Revera
383 2309 542 2370 Decretum
557 2305 725 2369 innocentii
740 2307 779 2366 ill
790 2310 940 2367 memorat
952 2303 1099 2368 duntaxat
1113 2309 1198 2371 Reli-

218 2395 336 2477 pionem
356 2397 409 2460 sed
423 2417 460 2460 eo
478 2405 633 2479 tempore,
654 2391 834 2476 significatio
855 2393 946 2473 hujus
963 2395 1101 2458 vocabuli
1124 2417 1200 2461 non

218 2485 293 2566 dum
308 2485 589 2570 restringebaturad
603 2485 739 2548 instituta
751 2483 802 2546 ubi
817 2489 884 2546 vota
898 2482 1075 2546 emittuntur
1088 2487 1200 2549 solem-

218 2575 279 2638 nia.
301 2577 450 2638 Praeterea
474 2574 635 2657 Gregorius
653 2574 786 2636 Xutitur
803 2571 1049 2634 denominatione
1074 2575 1198 2637 Ordinis

217 2665 439 2747 religiosique
463 2663 599 2727 latiorem
621 2679 744 2725 sensum
767 2661 857 2724 habet
882 2663 1000 2740 (2519);
1022 2661 1084 2726 imd
1109 2667 1198 2728 lnno

216 2755 336 2817 centius
350 2757 388 2818 lll
401 2755 536 2818 decernit
554 2759 588 2815 nt
601 2751 653 2834 qui
667 2749 795 2814 voluerit
808 2749 975 2832 religiosum
989 2750 1106 2814 mnium
1121 2757 1197 2832 (sind

215 2842 418 2920 distinctione,
434 2843 561 2926 proinde
581 2844 825 2923 quamcumque)
840 2839 877 2902 de
893 2859 971 2902 novo
985 2839 1126 2919 fundare,
1144 2845 1197 2906 lle·

214 2931 313 3011 pulum
337 2941 366 2994 et
390 2933 609 2995 institutionem
625 2931 754 3012 corrpiet
767 2949 804 2991 ec
823 2929 958 3012 probatis
975 2949 986 2990 .·
1004 2931 1048 2992 sic
1069 2933 1194 2996 undam

216 3021 287 3083 satis
301 3022 472 3083 communis
492 3023 553 3082 Di).
571 3021 718 3084 sententia
734 3019 907 3098 (nonnullis
924 3027 1027 3080 tamen
1048 3023 1195 3104 exceptis)

215 3109 369 3190 pratorum
384 3110 482 3190 legem
496 3112 708 3193 interpretatur
725 3129 732 3170 :
748 3115 778 3171 et
791 3111 893 3172 revera
912 3107 937 3170 si
951 3125 1038 3170 secus
1051 3119 1136 3172 esset
1156 3113 1196 3172 in·

213 3205 386 3279 terpretata,
398 3199 445 3260 lex
455 3197 548 3262 linem
564 3200 750 3282 propositum
767 3215 828 3261 non
842 3197 992 3260 obtineret
1006 3197 1196 3279 impediendi

218 3309 234 3347 n
256 3305 295 3348 ne
318 3288 413 3350 nimiu
435 3289 626 3371 Religionum
648 3289 804 3352 diversitas
828 3303 949 3370 grauem
972 3287 1004 3348 in
1024 3287 1197 3352 Ecclesiam

213 3397 229 3436 r
254 3375 307 3437 Dei
320 3375 530 3440 contusionem
547 3377 711 3440 inducat.»
730 3379 830 3454 Ergo,
847 3383 903 3440 etc.

253 3467 342 3524 2527.
363 3465 441 3526 Noto
450 3471 481 3527 4⁰
500 3465 644 3528 Preedicta
654 3467 701 3528 lex
711 3464 1056 3547 estintelligendaetiam
1067 3465 1106 3530 de
1116 3487 1200 3532 nouo

213 3547 1200 3636 virendimodo‚sublteguldjnmapprobatb:undenonsulliceret

213 3637 242 3700 ei
253 3639 305 3722 qui
314 3639 490 3706 vultuosam
500 3641 686 3717 nebulonem
694 3641 1199 3726 autCongregutioneminstituere
