2534 3996
294 221 306 246 t
321 226 430 254 :utar-2⁴
442 235 453 243 ·

480 275 565 342 iicon
587 299 702 350 sttruos,
1019 301 1077 362 381

106 377 288 462 quoadusque
302 381 464 468 Episcopus
482 390 592 454 ou'rtute
606 394 715 458 dorreti
724 404 915 482 praecitati...
936 412 1077 493 requisito

104 470 188 548 peiles
204 469 339 551 Capituli
351 477 683 545 rousitio'immatuuerit
693 490 821 562 (Deerat.
837 498 867 569 5,
880 515 910 579 p.
923 501 957 560 31
975 505 1074 581 etue).

109 557 181 619 Vide
196 559 334 622 Proeleot
350 561 385 625 S.
402 564 528 647 sulpit,
545 569 586 630 nl·
602 575 748 639 seu-364.

105 646 270 794 dffipnnrsi
293 651 312 711 a
330 651 361 716 S.
387 653 464 718 Sede
485 655 562 721 bene
582 659 684 726 haberi
706 673 803 748 potest
828 673 937 739 solutio
960 679 1075 757 praetotl

129 753 147 796 u
170 753 199 796 u.

543 904 561 984 §
580 908 630 970 Ill.

142 1038 264 1119 Dejure
279 1041 415 1124 Capituli
427 1046 523 1128 quood
533 1048 684 1132 Spuodam
693 1065 722 1118 et
735 1059 888 1140 synodalia
898 1065 1031 1135 Statuto.

142 1189 230 1249 atae.
258 1209 274 1246 n
293 1190 396 1254 Licere
418 1195 585 1279 Episcopo,
601 1201 638 1263 ad
653 1222 785 1288 eumque
799 1214 950 1291 pertinere
964 1238 1073 1302 cogere

100 1295 115 1331 n
142 1275 298 1355 Syncdum
313 1279 513 1346 dioeoesanam
534 1288 648 1370 absque
667 1311 816 1361 consensu
830 1307 860 1362 et
878 1308 1003 1370 consilio
1016 1313 1070 1373 Ca-

99 1386 115 1423 n
141 1365 269 1446 pituli.»
293 1369 394 1451 lnquit
407 1374 439 1436 S.
464 1375 660 1459 congregatio
685 1385 814 1463 Conciti,
845 1389 876 1452 iu
905 1394 1069 1474 Octulani,

101 1458 139 1514 17
155 1455 226 1516 rnaii
249 1459 338 1520 1599.
355 1460 429 1522 Vide
450 1468 551 1527 tumen
573 1485 663 1549 supra
684 1473 827 1549 tuto-953
842 1487 871 1541 et
890 1485 983 1564 2398)
997 1489 1070 1568 quid

98 1541 265 1607 dixerimus
283 1545 321 1608 de
343 1549 465 1612 Statutis
481 1558 512 1614 et
528 1555 796 1625 constitutionibus
810 1565 842 1627 in
854 1570 975 1650 Synodo
995 1594 1071 1637 con-

98 1631 218 1695 dandis.

138 1724 228 1786 alab.
252 1724 384 1789 Sufficiat
397 1727 446 1792 blo
460 1730 570 1795 reterre
584 1735 673 1800 rerba
684 1739 715 1800 S.
732 1741 842 1825 Congu.
854 1747 947 1812 Gonu.
964 1751 995 1813 in
1008 1755 1069 1817 suis

96 1810 203 1874 litteris
228 1813 265 1875 ad
293 1817 493 1882 Patriaroham
521 1824 721 1890 venationum
743 1829 792 1892 die
815 1837 853 1896 at
876 1854 941 1917 apr.
967 1843 1065 1908 laea:

99 1923 116 1960 u
138 1902 169 1962 S.
190 1904 326 1984 Congu...
349 1909 504 1988 respondit
528 1914 765 1994 amplitudinem
779 1925 874 1985 (luam
893 1925 924 1987 in
946 1929 1067 2010 Synodo

94 2011 110 2050 o
136 1989 304 2056 dioecesana
319 1993 415 2058 lacere
430 2017 517 2078 posse
531 2002 764 2070 constitutiones
783 2011 896 2094 absque
917 2035 1067 2084 consensu

94 2102 110 2138 o
136 2087 166 2142 et
179 2083 393 2164 approbatione
408 2087 617 2154 cleri:debere
629 2100 729 2158 tamen
750 2099 903 2182 requirere
914 2109 1066 2172 eonsilium

93 2192 109 2228 u
136 2170 280 2252 Capituli,
299 2173 366 2236 licet
380 2175 452 2238 illud
467 2195 529 2240 non
547 2187 684 2244 teneatur
698 2189 783 2268 sequi
799 2190 855 2252 nisi
869 2192 900 2254 in
917 2197 1035 2260 casibus
1048 2201 1065 2262 a

92 2282 108 2316 n
131 2259 200 2338 jure
223 2264 389 2343 expressis,
415 2284 476 2327 nou
503 2267 638 2334 obstante
659 2275 740 2354 qubd
763 2293 800 2340 ex
824 2279 920 2345 forma
941 2286 1066 2350 Romani

92 2371 108 2406 o
136 2347 321 2432 pontificalis
344 2355 376 2415 in
398 2355 577 2419 celebranda
590 2359 759 2427 dioecesana
777 2372 806 2428 et
820 2373 993 2450 provinciali
1008 2379 1064 2459 Sy·

92 2461 108 2498 u
136 2438 216 2500 nodo
229 2445 368 2522 expresse
382 2442 526 2508 habeatur
540 2453 573 2509 ut
585 2451 812 2518 constitutiones
826 2459 858 2519 in
873 2461 994 2540 Synodo
1007 2487 1062 2547 pu·

91 2549 107 2585 u
134 2527 280 2593 blicandae
292 2534 329 2607 ,b
343 2533 479 2596 Patribus
488 2555 542 2618 per
554 2538 679 2602 verbum
691 2543 791 2622 plooot
805 2547 1032 2615 confirmentur.
1044 2579 1059 2614 u

133 2621 223 2680 3431.
246 2621 309 2683 Dici
329 2623 454 2705 insuper
468 2631 564 2706 potest
582 2628 681 2708 quoad
695 2629 820 2695 verbum
831 2635 949 2716 placet,
966 2642 1063 2706 rubri-

90 2723 159 2768 cam
175 2705 253 2772 hano
266 2708 303 2772 de
316 2712 450 2774 Concilio
464 2715 636 2795 provinciali
650 2764 658 2793 ,
674 2735 736 2780 non
760 2718 797 2782 de
812 2724 934 2804 Synodo
952 2727 1062 2794 dioeoe·

90 2799 164 2858 sonu
179 2815 243 2860 esse
253 2799 478 2882 intelligendam
492 2823 499 2864 :
511 2803 548 2866 de
558 2807 694 2888 utrisque
703 2811 805 2872 revera
816 2809 856 2874 ibi
869 2820 975 2879 tractat
990 2821 1062 2882 Pou-

92 2884 213 2966 tificole,
234 2887 433 2966 acdeorum,
456 2911 524 2974 qua
547 2893 659 2957 ibidem
680 2896 837 2980 dicuutur,
862 2905 1000 2985 quaedum
1023 2909 1060 2972 au

90 2973 503 3062 pr¹ii15,aliaadposteriorem
516 2990 656 3062 spectant.
669 2988 716 3064 (V.
729 2988 834 3070 Bonis,
845 2991 889 3054 De
898 2993 1059 3078 Capitulis,

88 3083 221 3217 pitz-tt.
249 3158 380 3221 «Etiam
407 3161 468 3222 tota
489 3159 682 3228 dissentiente
703 3166 846 3248 Synodo,
868 3172 971 3238 validae
991 3184 1061 3242 sunt

85 3265 103 3304 o
131 3244 364 3311 Constitutiones
378 3250 534 3332 Episcopi,
545 3253 671 3315 etoondi
686 3261 716 3316 et
730 3256 875 3338 publicari
889 3272 1024 3344 possunt.
1039 3289 1055 3326 o

86 3332 348 3416 (Soarlantonius,
365 3356 414 3420 ap.
431 3339 536 3415 Bouix,
553 3362 583 3424 p.
599 3345 683 3422 446.)

128 3425 192 3485 Neo
206 3425 344 3507 impediri
365 3433 417 3491 eut
437 3431 580 3494 retardari
594 3432 670 3496 valet
691 3433 851 3500 celebratio
871 3440 983 3522 synodi
1005 3465 1059 3526 per

84 3531 315 3596 quamcumque
335 3519 585 3599 appeliationem,
604 3529 638 3585 ut
655 3523 765 3588 decidit
786 3527 817 3588 S.
843 3529 937 3611 Cong.
965 3535 1057 3599 Coruo.

84 3606 136 3682 (27
149 3601 247 3664 martii
263 3607 349 3674 1632,
367 3608 399 3667 in
415 3607 572 3683 Oriolensi,
589 3610 685 3690 ibid).

127 3693 219 3754 4433.
247 3715 262 3754 o
285 3695 411 3759 Decreta
432 3704 534 3762 alneu
554 3716 608 3764 seu
621 3701 852 3768 constitutiones
876 3705 1056 3793 synodales,
