2522 3996
408 261 494 308 arara
514 225 642 308 varnos
964 248 1003 310 89

62 357 104 420 ubi
127 374 217 440 usque
242 355 278 418 sd
300 357 359 420 too
381 354 419 418 ir.
447 355 526 420 hanc
548 355 701 420 licentiam
724 356 858 422 extendit
880 357 1011 441 ipsemet

64 447 158 590 Ἧι·
179 526 285 609 Nequit
296 524 444 608 parochus
456 525 538 588 bona
550 524 685 589 ecclesiae
701 525 801 589 locare
822 544 894 589 cum
907 529 1012 592 antici·

62 637 76 674 a
95 615 163 696 palis
176 615 371 678 solutionibus
385 613 544 696 (Trident.
557 633 635 680 sess.
651 619 702 691 94,
719 633 748 678 c.
764 617 824 694 ll).

95 707 176 767 1508.
190 725 206 768 u
219 709 287 767 6⁰...
302 703 444 785 Exceptis
456 702 613 786 prohibitis
627 703 765 776 casibus,
780 701 817 764 ad
831 703 931 786 ipsum
946 704 1014 786 (pa-

62 815 75 850 n
95 792 220 872 rochum)
233 799 347 868 spectat
360 799 530 881 contractus
539 791 639 874 quoad
653 809 701 854 res
714 791 849 854 ecclcsiae
862 812 926 855 suae
940 799 1015 856 tem·

65 883 202 962 rporales
219 881 334 956 lacere,
362 880 394 942 in
421 879 536 960 judicio
557 888 635 942 stare
656 897 712 962 pro
737 880 859 946 tuendis
876 881 1013 960 ejusdem

67 991 77 1025 r
97 968 217 1032 ecclesiae
236 969 371 1049 juribus,
391 975 422 1031 et
439 987 501 1032 uno
517 969 627 1041 verbo,
645 987 803 1050 personam
824 970 1014 1033 administra·

65 1078 77 1116 r
96 1056 159 1120 loris
170 1059 277 1122 lacere.
300 1079 316 1116 a

96 1148 184 1209 '1⁰Jus
203 1153 305 1209 tamen
327 1144 450 1228 parochi
473 1153 611 1210 remanet
631 1165 750 1231 semper
771 1153 802 1210 et
820 1146 851 1208 in
874 1145 1017 1209 omnibus

65 1235 210 1296 auctoritati
227 1233 376 1297 Ordinarii
399 1229 626 1298 subordinatum
652 1256 660 1296 z
680 1236 808 1320 proinde
826 1234 954 1298 liberum
973 1243 1018 1296 est

65 1321 195 1404 Episcopo
212 1341 290 1406 quas
306 1323 518 1386 existimaverit
530 1324 660 1408 parocho
673 1325 868 1407 praescribere
886 1323 1016 1405 regulas,

65 1411 131 1471 circa
142 1411 335 1493 temporalem
344 1411 493 1493 parochiae
505 1413 806 1488 administrationem,
818 1411 908 1474 modo
921 1417 1017 1494 Apos-

65 1498 434 1577 toliciscoustitutionibus,
449 1519 503 1565 seu
516 1501 734 1565 universalibus
746 1499 887 1564 Ecclesia
901 1500 1019 1581 legibus

65 1603 115 1647 non
128 1587 327 1650 adversentur.
349 1589 393 1649 Ita
406 1589 517 1661 Bouix‚
534 1589 602 1652 loco
616 1609 706 1671 supra
719 1589 819 1652 citato.

98 1679 176 1740 1509.
191 1677 316 1750 Quaerit.
339 1680 373 1738 9ο
392 1680 439 1738 hu
453 1677 585 1759 legitime
603 1677 686 1740 laicis
699 1678 738 1758 (v.
754 1695 785 1758 g.
810 1675 1021 1738 matriculariis

64 1764 155 1838 quales
166 1773 236 1828 sunt
248 1764 333 1848 apud
347 1765 413 1846 nos)
428 1767 522 1848 possit
533 1765 681 1830 committi
693 1765 867 1848 temporalis
880 1763 1022 1828 Ecclesia

64 1850 292 1918 administratio?

97 1941 177 2024 Rcsp.
194 1941 388 2020 affirmative,
403 1933 570 2007 dummodo
579 1943 617 2006 ab
631 1939 831 2007 ecclesiastica
844 1943 1020 2007 auctoritate
1132 1943 1136 1950 '

64 2029 240 2109 deputentur.
251 2031 287 2095 ld
302 2031 445 2116 supponit
452 2031 564 2096 Concil.
579 2032 713 2096 Trident.
722 2034 807 2111 (sess.
822 2037 880 2112 99,
894 2051 962 2116 cap.
978 2037 1019 2113 9).

64 2115 130 2179 Vide
140 2119 212 2182 inira
226 2123 342 2198 (5315).
629 2121 632 2126 ’

97 2207 244 2278 Quomodo
257 2215 361 2272 autem
375 2206 579 2272 introductum
592 2207 683 2273 luerit
695 2210 727 2274 in
739 2209 833 2274 Gallit
843 2209 926 2294 qudd
936 2207 1022 2273 inde-

65 2293 215 2371 pendenter
247 2297 288 2359 ab
319 2297 495 2360 auctoritate
526 2297 724 2362 ecclesiastice
752 2319 800 2364 res
827 2299 1022 2363 ecclesiarum

66 2379 293 2448 administrarent
313 2385 398 2464 laici,
423 2385 558 2450 invenire
580 2405 642 2448 non
665 2389 760 2469 potuit
781 2387 1020 2450 Thomassinus:

70 2487 82 2525 ¹
98 2472 235 2542 Ouandet
247 2479 403 2536 comment
415 2492 467 2537 ces
479 2475 678 2555 Marguilliers
687 2485 756 2538 sont
767 2475 902 2539 devenus
913 2493 947 2536 ce
962 2492 1022 2554 que

68 2575 172 2622 ancus
201 2562 245 2625 les
270 2580 388 2644 voyons
413 2564 640 2644 presentement
667 2563 743 2626 dans
769 2581 825 2626 nos
852 2562 959 2643 eglises
985 2561 1023 2623 de

68 2665 79 2701 ι
100 2647 219 2726 France,
241 2652 317 2714 c’est
334 2667 378 2713 un
399 2649 490 2713 detail
510 2669 570 2732 que
585 2653 617 2730 ja
635 2651 773 2714 voudrais
795 2649 964 2732 apprendre
986 2649 1025 2711 de

67 2737 257 2818 »quelqu’un
284 2741 354 2819 plus
375 2735 473 2801 habile
494 2758 555 2820 que
577 2739 682 2801 moi.»
710 2736 813 2820 (Apud
838 2739 944 2814 Bouix,
967 2735 1023 2816 ih,

69 2837 93 2898 p.
107 2825 186 2904 tlt.)
200 2825 261 2888 Sed
285 2825 378 2888 hoca
397 2827 555 2890 manilestt
567 2827 763 2910 usurpatione
776 2825 858 2889 laicae
872 2827 1025 2908 potestatis

69 2909 173 2974 initium
187 2913 355 2996 sumpsisse
366 2909 492 2978 videtur.
504 2917 580 2979 Vide
594 2914 671 2978 intra
684 2913 811 2978 dicenda
820 2917 1021 2995 (53095315).

101 2999 235 3070 Quamvis
249 3019 357 3065 norma
379 3003 528 3086 tlegibus
540 3003 678 3066 civilibus
690 3009 799 3066 statuta
811 3023 866 3086 pro
879 3003 1023 3066 adminis-

68 3087 182 3153 tratione
200 3091 353 3154 bonorum
370 3093 641 3156 ecclesiasticorum
661 3092 815 3175 illegitima
829 3093 887 3171 sit,
902 3093 1025 3176 quando

69 3187 205 3242 musensu
219 3180 362 3244 Ecclesiae
374 3197 436 3243 non
448 3181 589 3258 fulcitur,
607 3199 625 3244 a
638 3182 775 3264 parochis
794 3187 897 3244 umen
911 3181 1024 3245 addisci

69 3260 157 3342 debet,
170 3269 243 3330 cum
255 3268 462 3351 obtemperare
475 3268 648 3348 hujusmodi
664 3270 902 3333 ordinationibus
916 3288 1025 3349 cogan-

72 3353 126 3429 tur,
138 3360 172 3416 ut
185 3357 264 3419 inira
275 3357 381 3420 dicturi
395 3375 500 3420 sumus
514 3359 716 3440 (59795989,
734 3363 811 3422 5311
822 3363 927 3436 -5315,
941 3361 1023 3438 etc).
