<?xml version="1.0" encoding="UTF-8"?>
<!DOCTYPE html PUBLIC "-//W3C//DTD XHTML 1.0 Transitional//EN"
    "http://www.w3.org/TR/xhtml1/DTD/xhtml1-transitional.dtd">
<html xmlns="http://www.w3.org/1999/xhtml" xml:lang="en" lang="en">
 <head>
  <title>
</title>
<meta http-equiv="Content-Type" content="text/html;charset=utf-8" />
  <meta name='ocr-system' content='tesseract 3.04.00' />
  <meta name='ocr-capabilities' content='ocr_page ocr_carea ocr_par ocr_line ocrx_word'/>
</head>
<body>
  <div class='ocr_page' id='page_1' title='image "./manualetotiusju01craigoog_0478.png"; bbox 0 0 2522 3992; ppageno 0'>
   <div class='ocr_carea' id='block_1_1' title="bbox 91 237 1076 3726">
    <p class='ocr_par' dir='ltr' id='par_1_1' title="bbox 91 237 1065 702">
     <span class='ocr_line' id='line_1_1' title="bbox 464 237 1063 308; baseline -0.002 0"><span class='ocrx_word' id='word_1_1' title='bbox 464 253 548 308; x_wconf 77' lang='lat' dir='ltr'>stara</span> <span class='ocrx_word' id='word_1_2' title='bbox 570 244 685 308; x_wconf 69' lang='grc'><strong>00000.</strong></span> <span class='ocrx_word' id='word_1_3' title='bbox 1005 237 1063 308; x_wconf 77' lang='lat' dir='ltr'>tos</span> 
     </span>
     <span class='ocr_line' id='line_1_2' title="bbox 92 355 1064 440; baseline 0.002 -19"><span class='ocrx_word' id='word_1_4' title='bbox 92 380 105 421; x_wconf 79' lang='lat' dir='ltr'>s</span> <span class='ocrx_word' id='word_1_5' title='bbox 129 361 173 424; x_wconf 89' lang='lat' dir='ltr'>eis</span> <span class='ocrx_word' id='word_1_6' title='bbox 185 357 249 440; x_wconf 88' lang='lat' dir='ltr'>jam</span> <span class='ocrx_word' id='word_1_7' title='bbox 263 361 341 423; x_wconf 92' lang='lat' dir='ltr'>illata</span> <span class='ocrx_word' id='word_1_8' title='bbox 357 363 414 436; x_wconf 91' lang='lat' dir='ltr'>sit,</span> <span class='ocrx_word' id='word_1_9' title='bbox 430 361 474 422; x_wconf 82' lang='lat' dir='ltr'>rcl</span> <span class='ocrx_word' id='word_1_10' title='bbox 495 358 665 421; x_wconf 87' lang='lat' dir='ltr'>timendum</span> <span class='ocrx_word' id='word_1_11' title='bbox 679 362 724 419; x_wconf 87' lang='lat' dir='ltr'>est</span> <span class='ocrx_word' id='word_1_12' title='bbox 738 374 777 420; x_wconf 87' lang='lat' dir='ltr'>ne</span> <span class='ocrx_word' id='word_1_13' title='bbox 791 355 946 419; x_wconf 88' lang='lat' dir='ltr'>inleralur.</span> <span class='ocrx_word' id='word_1_14' title='bbox 962 381 977 416; x_wconf 79' lang='lat' dir='ltr'>a</span> <span class='ocrx_word' id='word_1_15' title='bbox 996 361 1064 423; x_wconf 91' lang='lat' dir='ltr'>lrri-</span> 
     </span>
     <span class='ocr_line' id='line_1_3' title="bbox 91 445 1065 531; baseline 0.001 -19"><span class='ocrx_word' id='word_1_16' title='bbox 91 457 149 512; x_wconf 89' lang='lat' dir='ltr'>tam</span> <span class='ocrx_word' id='word_1_17' title='bbox 163 450 323 512; x_wconf 73' lang='lat' dir='ltr'>declaravit</span> <span class='ocrx_word' id='word_1_18' title='bbox 336 448 507 531; x_wconf 74' lang='lat' dir='ltr'>huiusmodi</span> <span class='ocrx_word' id='word_1_19' title='bbox 518 445 1000 524; x_wconf 78' lang='lat' dir='ltr'>ProlassionemdiclusPontil0x3</span> <span class='ocrx_word' id='word_1_20' title='bbox 1012 450 1065 513; x_wconf 83' lang='lat' dir='ltr'>scd</span> 
     </span>
     <span class='ocr_line' id='line_1_4' title="bbox 92 533 1060 618; baseline 0 -18"><span class='ocrx_word' id='word_1_21' title='bbox 92 537 169 602; x_wconf 74' lang='lat' dir='ltr'>lianc</span> <span class='ocrx_word' id='word_1_22' title='bbox 183 539 350 602; x_wconf 87' lang='lat' dir='ltr'>nullitatern</span> <span class='ocrx_word' id='word_1_23' title='bbox 364 537 485 602; x_wconf 82' lang='lat' dir='ltr'>sustulit</span> <span class='ocrx_word' id='word_1_24' title='bbox 497 537 636 600; x_wconf 82' lang='lat' dir='ltr'>Clemens</span> <span class='ocrx_word' id='word_1_25' title='bbox 646 537 711 596; x_wconf 85' lang='lat' dir='ltr'>lllll</span> <span class='ocrx_word' id='word_1_26' title='bbox 724 534 847 598; x_wconf 79' lang='lat' dir='ltr'>constit.</span> <span class='ocrx_word' id='word_1_27' title='bbox 863 533 1060 618; x_wconf 74' lang='lat' dir='ltr'>Iasapremd,</span> 
     </span>
     <span class='ocr_line' id='line_1_5' title="bbox 92 630 290 702; baseline 0 -14"><span class='ocrx_word' id='word_1_28' title='bbox 92 631 187 702; x_wconf 74' lang='lat' dir='ltr'>aspa.</span> <span class='ocrx_word' id='word_1_29' title='bbox 202 630 290 690; x_wconf 71' lang='lat'><strong>1602.</strong></span> 
     </span>
    </p>

    <p class='ocr_par' dir='ltr' id='par_1_2' title="bbox 92 713 1069 2039">
     <span class='ocr_line' id='line_1_6' title="bbox 131 713 1063 797; baseline 0.002 -19"><span class='ocrx_word' id='word_1_30' title='bbox 131 718 219 778; x_wconf 73' lang='lat'><strong>2632.</strong></span> <span class='ocrx_word' id='word_1_31' title='bbox 244 717 331 794; x_wconf 76' lang='lat' dir='ltr'>Haec,</span> <span class='ocrx_word' id='word_1_32' title='bbox 344 716 428 796; x_wconf 86' lang='lat' dir='ltr'>juxta</span> <span class='ocrx_word' id='word_1_33' title='bbox 443 717 474 778; x_wconf 87' lang='lat' dir='ltr'>S.</span> <span class='ocrx_word' id='word_1_34' title='bbox 490 716 613 796; x_wconf 82' lang='lat' dir='ltr'>Lignor.</span> <span class='ocrx_word' id='word_1_35' title='bbox 631 713 693 786; x_wconf 89' lang='lat' dir='ltr'>(lib.</span> <span class='ocrx_word' id='word_1_36' title='bbox 709 718 745 790; x_wconf 81' lang='lat' dir='ltr'>ll,</span> <span class='ocrx_word' id='word_1_37' title='bbox 765 723 801 775; x_wconf 87' lang='lat' dir='ltr'>n⁰</span> <span class='ocrx_word' id='word_1_38' title='bbox 814 717 875 794; x_wconf 78' lang='lat' dir='ltr'>tl),</span> <span class='ocrx_word' id='word_1_39' title='bbox 891 715 1063 797; x_wconf 76' lang='lat' dir='ltr'>intelligun-</span> 
     </span>
     <span class='ocr_line' id='line_1_7' title="bbox 92 793 1063 886; baseline 0.006 -23"><span class='ocrx_word' id='word_1_40' title='bbox 92 812 141 866; x_wconf 86' lang='lat' dir='ltr'>tur</span> <span class='ocrx_word' id='word_1_41' title='bbox 173 826 189 863; x_wconf 82' lang='lat' dir='ltr'>a</span> <span class='ocrx_word' id='word_1_42' title='bbox 212 803 251 867; x_wconf 93' lang='lat' dir='ltr'>de</span> <span class='ocrx_word' id='word_1_43' title='bbox 268 805 313 867; x_wconf 92' lang='lat' dir='ltr'>eis</span> <span class='ocrx_word' id='word_1_44' title='bbox 330 805 381 886; x_wconf 91' lang='lat' dir='ltr'>qui</span> <span class='ocrx_word' id='word_1_45' title='bbox 403 804 487 867; x_wconf 82' lang='lat' dir='ltr'>aliter</span> <span class='ocrx_word' id='word_1_46' title='bbox 517 822 577 864; x_wconf 93' lang='lat' dir='ltr'>non</span> <span class='ocrx_word' id='word_1_47' title='bbox 599 808 726 885; x_wconf 77' lang='lat' dir='ltr'>possunt</span> <span class='ocrx_word' id='word_1_48' title='bbox 742 801 931 884; x_wconf 76' lang='lat' dir='ltr'><strong>satisfacere,</strong></span> <span class='ocrx_word' id='word_1_49' title='bbox 955 793 1012 868; x_wconf 86' lang='lat' dir='ltr'>nisi</span> <span class='ocrx_word' id='word_1_50' title='bbox 1032 807 1063 869; x_wconf 89' lang='lat' dir='ltr'>in</span> 
     </span>
     <span class='ocr_line' id='line_1_8' title="bbox 93 889 1064 974; baseline 0.007 -23"><span class='ocrx_word' id='word_1_51' title='bbox 93 916 107 951; x_wconf 75' lang='lat' dir='ltr'>a</span> <span class='ocrx_word' id='word_1_52' title='bbox 132 893 241 955; x_wconf 78' lang='lat' dir='ltr'>saculo</span> <span class='ocrx_word' id='word_1_53' title='bbox 255 893 422 970; x_wconf 86' lang='lat' dir='ltr'>manendo,</span> <span class='ocrx_word' id='word_1_54' title='bbox 433 899 461 955; x_wconf 87' lang='lat' dir='ltr'>el</span> <span class='ocrx_word' id='word_1_55' title='bbox 472 893 608 974; x_wconf 80' lang='lat' dir='ltr'>aquibus</span> <span class='ocrx_word' id='word_1_56' title='bbox 622 889 733 974; x_wconf 87' lang='lat' dir='ltr'>sperari</span> <span class='ocrx_word' id='word_1_57' title='bbox 749 898 844 973; x_wconf 91' lang='lat' dir='ltr'>polest</span> <span class='ocrx_word' id='word_1_58' title='bbox 858 893 966 957; x_wconf 88' lang='lat' dir='ltr'>solutio</span> <span class='ocrx_word' id='word_1_59' title='bbox 980 901 1064 970; x_wconf 82' lang='lat' dir='ltr'>lcon-</span> 
     </span>
     <span class='ocr_line' id='line_1_9' title="bbox 95 979 1064 1066; baseline 0.006 -26"><span class='ocrx_word' id='word_1_60' title='bbox 95 1004 107 1039; x_wconf 70' lang='grc'><em>»</em></span> <span class='ocrx_word' id='word_1_61' title='bbox 132 981 249 1044; x_wconf 78' lang='lat' dir='ltr'>tradidit</span> <span class='ocrx_word' id='word_1_62' title='bbox 266 989 367 1044; x_wconf 88' lang='lat' dir='ltr'>tamen</span> <span class='ocrx_word' id='word_1_63' title='bbox 382 984 417 1042; x_wconf 86' lang='lat' dir='ltr'>b.</span> <span class='ocrx_word' id='word_1_64' title='bbox 435 983 550 1057; x_wconf 84' lang='lat' dir='ltr'>Bouix,</span> <span class='ocrx_word' id='word_1_65' title='bbox 566 979 652 1055; x_wconf 70' lang='lat' dir='ltr'>ibid,</span> <span class='ocrx_word' id='word_1_66' title='bbox 668 1001 699 1063; x_wconf 89' lang='lat' dir='ltr'>p.</span> <span class='ocrx_word' id='word_1_67' title='bbox 716 983 785 1054; x_wconf 71' lang='grc'><strong>536)</strong></span> <span class='ocrx_word' id='word_1_68' title='bbox 800 999 808 1058; x_wconf 89' lang='grc'><strong>;</strong></span> <span class='ocrx_word' id='word_1_69' title='bbox 824 981 897 1044; x_wconf 85' lang='lat' dir='ltr'>item</span> <span class='ocrx_word' id='word_1_70' title='bbox 912 983 936 1045; x_wconf 91' lang='lat' dir='ltr'>si</span> <span class='ocrx_word' id='word_1_71' title='bbox 954 1001 1064 1066; x_wconf 79' lang='lat' dir='ltr'>magna</span> 
     </span>
     <span class='ocr_line' id='line_1_10' title="bbox 95 1069 1065 1152; baseline 0.006 -24"><span class='ocrx_word' id='word_1_72' title='bbox 95 1092 109 1128; x_wconf 80' lang='lat' dir='ltr'>o</span> <span class='ocrx_word' id='word_1_73' title='bbox 133 1069 319 1147; x_wconf 89' lang='lat' dir='ltr'>sintdebita,</span> <span class='ocrx_word' id='word_1_74' title='bbox 335 1071 505 1152; x_wconf 87' lang='lat' dir='ltr'>superantia</span> <span class='ocrx_word' id='word_1_75' title='bbox 520 1069 673 1132; x_wconf 73' lang='lat' dir='ltr'>facultates</span> <span class='ocrx_word' id='word_1_76' title='bbox 690 1071 847 1150; x_wconf 86' lang='lat' dir='ltr'>proprias,</span> <span class='ocrx_word' id='word_1_77' title='bbox 862 1072 933 1133; x_wconf 83' lang='lat' dir='ltr'>com</span> <span class='ocrx_word' id='word_1_78' title='bbox 950 1071 1065 1135; x_wconf 85' lang='lat' dir='ltr'>dicatur</span> 
     </span>
     <span class='ocr_line' id='line_1_11' title="bbox 95 1157 1064 1242; baseline 0.008 -26"><span class='ocrx_word' id='word_1_79' title='bbox 95 1181 109 1216; x_wconf 77' lang='lat' dir='ltr'>n</span> <span class='ocrx_word' id='word_1_80' title='bbox 135 1158 165 1219; x_wconf 95' lang='lat' dir='ltr'>in</span> <span class='ocrx_word' id='word_1_81' title='bbox 182 1159 410 1242; x_wconf 75' lang='lat' dir='ltr'>Bulla,inpenci</span> <span class='ocrx_word' id='word_1_82' title='bbox 419 1179 475 1222; x_wconf 84' lang='lat' dir='ltr'>oerc</span> <span class='ocrx_word' id='word_1_83' title='bbox 484 1159 578 1221; x_wconf 75' lang='lat' dir='ltr'>alterio</span> <span class='ocrx_word' id='word_1_84' title='bbox 585 1157 728 1240; x_wconf 77' lang='lat' dir='ltr'>probatis.</span> <span class='ocrx_word' id='word_1_85' title='bbox 739 1159 885 1222; x_wconf 82' lang='lat' dir='ltr'>Praeterea</span> <span class='ocrx_word' id='word_1_86' title='bbox 894 1159 964 1223; x_wconf 89' lang='lat' dir='ltr'>dicit</span> <span class='ocrx_word' id='word_1_87' title='bbox 977 1161 1064 1224; x_wconf 85' lang='lat' dir='ltr'>Croix</span> 
     </span>
     <span class='ocr_line' id='line_1_12' title="bbox 95 1246 1065 1329; baseline 0.006 -23"><span class='ocrx_word' id='word_1_88' title='bbox 95 1270 109 1306; x_wconf 80' lang='lat' dir='ltr'>o</span> <span class='ocrx_word' id='word_1_89' title='bbox 134 1265 204 1309; x_wconf 89' lang='lat' dir='ltr'>cum</span> <span class='ocrx_word' id='word_1_90' title='bbox 217 1247 385 1310; x_wconf 86' lang='lat' dir='ltr'>Sanchez...</span> <span class='ocrx_word' id='word_1_91' title='bbox 401 1247 459 1312; x_wconf 89' lang='lat' dir='ltr'>hoc</span> <span class='ocrx_word' id='word_1_92' title='bbox 475 1266 535 1310; x_wconf 93' lang='lat' dir='ltr'>non</span> <span class='ocrx_word' id='word_1_93' title='bbox 550 1246 713 1329; x_wconf 78' lang='lat' dir='ltr'>procedere</span> <span class='ocrx_word' id='word_1_94' title='bbox 727 1265 781 1328; x_wconf 90' lang='lat' dir='ltr'>pro</span> <span class='ocrx_word' id='word_1_95' title='bbox 796 1249 993 1326; x_wconf 80' lang='lat' dir='ltr'>monialibus,</span> <span class='ocrx_word' id='word_1_96' title='bbox 1008 1267 1065 1312; x_wconf 90' lang='lat' dir='ltr'>ncc</span> 
     </span>
     <span class='ocr_line' id='line_1_13' title="bbox 96 1335 1065 1418; baseline 0.007 -24"><span class='ocrx_word' id='word_1_97' title='bbox 96 1358 111 1394; x_wconf 77' lang='lat' dir='ltr'>s</span> <span class='ocrx_word' id='word_1_98' title='bbox 135 1355 189 1418; x_wconf 92' lang='lat' dir='ltr'>pro</span> <span class='ocrx_word' id='word_1_99' title='bbox 198 1335 348 1418; x_wconf 84' lang='lat' dir='ltr'>equilibus</span> <span class='ocrx_word' id='word_1_100' title='bbox 357 1336 504 1399; x_wconf 86' lang='lat' dir='ltr'>Ordinum</span> <span class='ocrx_word' id='word_1_101' title='bbox 517 1336 702 1412; x_wconf 89' lang='lat' dir='ltr'>militarium,</span> <span class='ocrx_word' id='word_1_102' title='bbox 717 1336 789 1416; x_wconf 86' lang='lat' dir='ltr'>quia</span> <span class='ocrx_word' id='word_1_103' title='bbox 800 1335 830 1398; x_wconf 93' lang='lat' dir='ltr'>hi</span> <span class='ocrx_word' id='word_1_104' title='bbox 840 1336 992 1399; x_wconf 90' lang='lat' dir='ltr'>inadiosis</span> <span class='ocrx_word' id='word_1_105' title='bbox 1004 1357 1065 1401; x_wconf 90' lang='lat' dir='ltr'>non</span> 
     </span>
     <span class='ocr_line' id='line_1_14' title="bbox 96 1423 1066 1508; baseline 0.007 -26"><span class='ocrx_word' id='word_1_106' title='bbox 96 1447 110 1482; x_wconf 80' lang='lat' dir='ltr'>a</span> <span class='ocrx_word' id='word_1_107' title='bbox 135 1424 432 1506; x_wconf 86' lang='lat' dir='ltr'>comprehenduntur</span> <span class='ocrx_word' id='word_1_108' title='bbox 447 1426 570 1488; x_wconf 91' lang='lat' dir='ltr'>nomine</span> <span class='ocrx_word' id='word_1_109' title='bbox 584 1423 813 1504; x_wconf 83' lang='lat' dir='ltr'>religiosorum:</span> <span class='ocrx_word' id='word_1_110' title='bbox 832 1425 953 1506; x_wconf 85' lang='lat' dir='ltr'>insuper</span> <span class='ocrx_word' id='word_1_111' title='bbox 968 1445 1066 1508; x_wconf 83' lang='lat' dir='ltr'>nequo</span> 
     </span>
     <span class='ocr_line' id='line_1_15' title="bbox 98 1513 1067 1596; baseline 0.006 -25"><span class='ocrx_word' id='word_1_112' title='bbox 98 1537 112 1571; x_wconf 80' lang='lat' dir='ltr'>o</span> <span class='ocrx_word' id='word_1_113' title='bbox 137 1533 191 1594; x_wconf 91' lang='lat' dir='ltr'>pro</span> <span class='ocrx_word' id='word_1_114' title='bbox 206 1515 240 1575; x_wconf 90' lang='lat' dir='ltr'>iis</span> <span class='ocrx_word' id='word_1_115' title='bbox 254 1514 304 1595; x_wconf 84' lang='lat' dir='ltr'>qui</span> <span class='ocrx_word' id='word_1_116' title='bbox 320 1521 479 1596; x_wconf 78' lang='lat' dir='ltr'>gravantur</span> <span class='ocrx_word' id='word_1_117' title='bbox 492 1513 600 1576; x_wconf 88' lang='lat' dir='ltr'>debitis</span> <span class='ocrx_word' id='word_1_118' title='bbox 610 1513 728 1574; x_wconf 80' lang='lat' dir='ltr'>tantiam</span> <span class='ocrx_word' id='word_1_119' title='bbox 741 1513 863 1574; x_wconf 86' lang='lat' dir='ltr'>incertis</span> <span class='ocrx_word' id='word_1_120' title='bbox 879 1513 958 1594; x_wconf 85' lang='grc'><strong>(060</strong></span> <span class='ocrx_word' id='word_1_121' title='bbox 967 1514 1067 1594; x_wconf 89' lang='lat' dir='ltr'>hujus·</span> 
     </span>
     <span class='ocr_line' id='line_1_16' title="bbox 99 1599 1066 1686; baseline 0.006 -27"><span class='ocrx_word' id='word_1_122' title='bbox 99 1624 113 1659; x_wconf 75' lang='lat' dir='ltr'>a</span> <span class='ocrx_word' id='word_1_123' title='bbox 139 1601 218 1664; x_wconf 89' lang='lat' dir='ltr'>modi</span> <span class='ocrx_word' id='word_1_124' title='bbox 240 1602 337 1664; x_wconf 86' lang='lat' dir='ltr'>debita</span> <span class='ocrx_word' id='word_1_125' title='bbox 352 1604 383 1664; x_wconf 95' lang='lat' dir='ltr'>in</span> <span class='ocrx_word' id='word_1_126' title='bbox 410 1605 460 1686; x_wconf 89' lang='lat' dir='ltr'>pia</span> <span class='ocrx_word' id='word_1_127' title='bbox 480 1620 571 1683; x_wconf 87' lang='lat' dir='ltr'>opera</span> <span class='ocrx_word' id='word_1_128' title='bbox 593 1599 727 1682; x_wconf 91' lang='lat' dir='ltr'>impendi</span> <span class='ocrx_word' id='word_1_129' title='bbox 748 1607 889 1680; x_wconf 76' lang='lat' dir='ltr'>possunt,</span> <span class='ocrx_word' id='word_1_130' title='bbox 905 1609 954 1664; x_wconf 87' lang='lat' dir='ltr'>aut</span> <span class='ocrx_word' id='word_1_131' title='bbox 977 1605 1066 1686; x_wconf 84' lang='lat' dir='ltr'>etiam</span> 
     </span>
     <span class='ocr_line' id='line_1_17' title="bbox 101 1689 1066 1773; baseline 0.005 -25"><span class='ocrx_word' id='word_1_132' title='bbox 101 1713 114 1748; x_wconf 79' lang='lat' dir='ltr'>a</span> <span class='ocrx_word' id='word_1_133' title='bbox 138 1691 271 1768; x_wconf 90' lang='lat' dir='ltr'>debent);</span> <span class='ocrx_word' id='word_1_134' title='bbox 288 1710 344 1754; x_wconf 87' lang='lat' dir='ltr'>nec</span> <span class='ocrx_word' id='word_1_135' title='bbox 358 1709 412 1773; x_wconf 87' lang='lat' dir='ltr'>pro</span> <span class='ocrx_word' id='word_1_136' title='bbox 422 1693 479 1768; x_wconf 91' lang='lat' dir='ltr'>eis,</span> <span class='ocrx_word' id='word_1_137' title='bbox 496 1691 547 1771; x_wconf 88' lang='lat' dir='ltr'>qui</span> <span class='ocrx_word' id='word_1_138' title='bbox 562 1690 626 1752; x_wconf 78' lang='lat' dir='ltr'>sine</span> <span class='ocrx_word' id='word_1_139' title='bbox 637 1689 725 1770; x_wconf 75' lang='lat' dir='ltr'>culpa</span> <span class='ocrx_word' id='word_1_140' title='bbox 740 1689 837 1768; x_wconf 73' lang='lat' dir='ltr'>gravi,</span> <span class='ocrx_word' id='word_1_141' title='bbox 851 1689 1021 1754; x_wconf 86' lang='lat' dir='ltr'>inciderunt</span> <span class='ocrx_word' id='word_1_142' title='bbox 1036 1692 1066 1753; x_wconf 93' lang='lat' dir='ltr'>in</span> 
     </span>
     <span class='ocr_line' id='line_1_18' title="bbox 97 1778 1069 1862; baseline 0.005 -23"><span class='ocrx_word' id='word_1_143' title='bbox 97 1801 113 1839; x_wconf 85' lang='lat' dir='ltr'>o</span> <span class='ocrx_word' id='word_1_144' title='bbox 139 1779 361 1862; x_wconf 84' lang='lat' dir='ltr'>impotentiam:</span> <span class='ocrx_word' id='word_1_145' title='bbox 383 1798 454 1842; x_wconf 86' lang='lat' dir='ltr'>narn</span> <span class='ocrx_word' id='word_1_146' title='bbox 469 1779 552 1842; x_wconf 84' lang='lat' dir='ltr'>Bulla</span> <span class='ocrx_word' id='word_1_147' title='bbox 565 1787 609 1841; x_wconf 91' lang='lat' dir='ltr'>esl</span> <span class='ocrx_word' id='word_1_148' title='bbox 626 1781 743 1840; x_wconf 80' lang='lat' dir='ltr'>tantiam</span> <span class='ocrx_word' id='word_1_149' title='bbox 758 1796 812 1860; x_wconf 86' lang='lat' dir='ltr'>pro</span> <span class='ocrx_word' id='word_1_150' title='bbox 825 1778 1069 1862; x_wconf 87' lang='lat' dir='ltr'>dilapidatoribus</span> 
     </span>
     <span class='ocr_line' id='line_1_19' title="bbox 98 1865 1068 1950; baseline 0.002 -22"><span class='ocrx_word' id='word_1_151' title='bbox 98 1893 113 1928; x_wconf 82' lang='lat' dir='ltr'>o</span> <span class='ocrx_word' id='word_1_152' title='bbox 138 1869 273 1950; x_wconf 85' lang='lat' dir='ltr'>(quidam</span> <span class='ocrx_word' id='word_1_153' title='bbox 281 1877 380 1930; x_wconf 86' lang='lat' dir='ltr'>tamen</span> <span class='ocrx_word' id='word_1_154' title='bbox 395 1868 451 1930; x_wconf 91' lang='lat' dir='ltr'>hoc</span> <span class='ocrx_word' id='word_1_155' title='bbox 466 1873 593 1949; x_wconf 78' lang='lat' dir='ltr'>negant:</span> <span class='ocrx_word' id='word_1_156' title='bbox 605 1867 789 1944; x_wconf 82' lang='lat' dir='ltr'>videllonix,</span> <span class='ocrx_word' id='word_1_157' title='bbox 800 1865 854 1943; x_wconf 73' lang='lat' dir='ltr'>ila,</span> <span class='ocrx_word' id='word_1_158' title='bbox 868 1887 899 1950; x_wconf 90' lang='lat' dir='ltr'>p.</span> <span class='ocrx_word' id='word_1_159' title='bbox 914 1870 1001 1948; x_wconf 85' lang='grc'><strong>636);</strong></span> <span class='ocrx_word' id='word_1_160' title='bbox 1013 1887 1068 1932; x_wconf 89' lang='lat' dir='ltr'>nec</span> 
     </span>
     <span class='ocr_line' id='line_1_20' title="bbox 98 1955 743 2039; baseline 0 -23"><span class='ocrx_word' id='word_1_161' title='bbox 98 1981 114 2016; x_wconf 75' lang='lat' dir='ltr'>a</span> <span class='ocrx_word' id='word_1_162' title='bbox 138 1975 193 2039; x_wconf 90' lang='lat' dir='ltr'>pro</span> <span class='ocrx_word' id='word_1_163' title='bbox 207 1957 390 2019; x_wconf 84' lang='lat' dir='ltr'>debitoribus</span> <span class='ocrx_word' id='word_1_164' title='bbox 402 1959 517 2018; x_wconf 86' lang='lat' dir='ltr'>ratione</span> <span class='ocrx_word' id='word_1_165' title='bbox 531 1955 711 2018; x_wconf 89' lang='lat' dir='ltr'>donationis.</span> <span class='ocrx_word' id='word_1_166' title='bbox 728 1978 743 2016; x_wconf 78' lang='lat' dir='ltr'>o</span> 
     </span>
    </p>

    <p class='ocr_par' dir='ltr' id='par_1_3' title="bbox 99 2045 1071 2478">
     <span class='ocr_line' id='line_1_21' title="bbox 138 2045 1069 2130; baseline 0.001 -20"><span class='ocrx_word' id='word_1_167' title='bbox 138 2045 285 2124; x_wconf 74' lang='lat' dir='ltr'>Obligatio</span> <span class='ocrx_word' id='word_1_168' title='bbox 299 2052 399 2108; x_wconf 87' lang='lat' dir='ltr'>autem</span> <span class='ocrx_word' id='word_1_169' title='bbox 412 2046 450 2108; x_wconf 92' lang='lat' dir='ltr'>de</span> <span class='ocrx_word' id='word_1_170' title='bbox 465 2045 625 2108; x_wconf 85' lang='lat' dir='ltr'>reddendis</span> <span class='ocrx_word' id='word_1_171' title='bbox 638 2045 804 2108; x_wconf 86' lang='lat' dir='ltr'>rationibus</span> <span class='ocrx_word' id='word_1_172' title='bbox 818 2046 1012 2130; x_wconf 85' lang='lat' dir='ltr'>intelligenda</span> <span class='ocrx_word' id='word_1_173' title='bbox 1025 2051 1069 2112; x_wconf 87' lang='lat' dir='ltr'>est</span> 
     </span>
     <span class='ocr_line' id='line_1_22' title="bbox 99 2133 1069 2216; baseline 0.002 -18"><span class='ocrx_word' id='word_1_174' title='bbox 99 2135 137 2198; x_wconf 88' lang='lat' dir='ltr'>de</span> <span class='ocrx_word' id='word_1_175' title='bbox 150 2135 235 2197; x_wconf 87' lang='lat' dir='ltr'>valde</span> <span class='ocrx_word' id='word_1_176' title='bbox 249 2135 398 2216; x_wconf 83' lang='lat' dir='ltr'>litigiosis,</span> <span class='ocrx_word' id='word_1_177' title='bbox 414 2135 576 2210; x_wconf 85' lang='lat' dir='ltr'>intricatis,</span> <span class='ocrx_word' id='word_1_178' title='bbox 594 2133 809 2213; x_wconf 82' lang='lat' dir='ltr'>fraudulentis,</span> <span class='ocrx_word' id='word_1_179' title='bbox 829 2135 930 2198; x_wconf 90' lang='lat' dir='ltr'>litibus</span> <span class='ocrx_word' id='word_1_180' title='bbox 947 2155 1069 2201; x_wconf 87' lang='lat' dir='ltr'>causam</span> 
     </span>
     <span class='ocr_line' id='line_1_23' title="bbox 99 2221 1071 2303; baseline 0.003 -17"><span class='ocrx_word' id='word_1_181' title='bbox 99 2224 231 2286; x_wconf 86' lang='lat' dir='ltr'>daturis:</span> <span class='ocrx_word' id='word_1_182' title='bbox 247 2222 374 2285; x_wconf 91' lang='lat' dir='ltr'>habendi</span> <span class='ocrx_word' id='word_1_183' title='bbox 390 2229 460 2286; x_wconf 86' lang='lat' dir='ltr'>sunt</span> <span class='ocrx_word' id='word_1_184' title='bbox 473 2229 506 2284; x_wconf 88' lang='lat' dir='ltr'>ut</span> <span class='ocrx_word' id='word_1_185' title='bbox 520 2222 641 2303; x_wconf 78' lang='lat' dir='ltr'>obligati</span> <span class='ocrx_word' id='word_1_186' title='bbox 651 2221 689 2284; x_wconf 92' lang='lat' dir='ltr'>ad</span> <span class='ocrx_word' id='word_1_187' title='bbox 703 2223 873 2302; x_wconf 88' lang='lat' dir='ltr'>ratiocinia,</span> <span class='ocrx_word' id='word_1_188' title='bbox 884 2223 1071 2290; x_wconf 87' lang='lat' dir='ltr'>administra-</span> 
     </span>
     <span class='ocr_line' id='line_1_24' title="bbox 100 2309 1069 2394; baseline 0.003 -20"><span class='ocrx_word' id='word_1_189' title='bbox 100 2319 180 2374; x_wconf 83' lang='lat' dir='ltr'>tores</span> <span class='ocrx_word' id='word_1_190' title='bbox 193 2331 295 2374; x_wconf 90' lang='lat' dir='ltr'>rerum</span> <span class='ocrx_word' id='word_1_191' title='bbox 308 2309 495 2392; x_wconf 86' lang='lat' dir='ltr'>publicarum</span> <span class='ocrx_word' id='word_1_192' title='bbox 509 2311 554 2372; x_wconf 89' lang='lat' dir='ltr'>vel</span> <span class='ocrx_word' id='word_1_193' title='bbox 571 2313 770 2392; x_wconf 79' lang='lat' dir='ltr'>privatarum,</span> <span class='ocrx_word' id='word_1_194' title='bbox 785 2319 911 2392; x_wconf 84' lang='lat' dir='ltr'>tutores,</span> <span class='ocrx_word' id='word_1_195' title='bbox 927 2333 1069 2394; x_wconf 83' lang='lat' dir='ltr'>procura·</span> 
     </span>
     <span class='ocr_line' id='line_1_25' title="bbox 100 2406 751 2478; baseline 0.002 -16"><span class='ocrx_word' id='word_1_196' title='bbox 100 2407 200 2478; x_wconf 83' lang='lat' dir='ltr'>tores,</span> <span class='ocrx_word' id='word_1_197' title='bbox 216 2409 405 2463; x_wconf 78' lang='lat' dir='ltr'>exsecutores</span> <span class='ocrx_word' id='word_1_198' title='bbox 417 2406 679 2473; x_wconf 86' lang='lat' dir='ltr'>testamentorum,</span> <span class='ocrx_word' id='word_1_199' title='bbox 695 2407 751 2463; x_wconf 89' lang='lat' dir='ltr'>etc.</span> 
     </span>
    </p>

    <p class='ocr_par' dir='ltr' id='par_1_4' title="bbox 101 2487 1072 2838">
     <span class='ocr_line' id='line_1_26' title="bbox 141 2487 1072 2571; baseline 0.001 -19"><span class='ocrx_word' id='word_1_200' title='bbox 141 2493 230 2552; x_wconf 69' lang='grc'><strong>6633.</strong></span> <span class='ocrx_word' id='word_1_201' title='bbox 253 2489 283 2552; x_wconf 92' lang='lat' dir='ltr'>Si</span> <span class='ocrx_word' id='word_1_202' title='bbox 297 2489 445 2550; x_wconf 78' lang='lat' dir='ltr'>adrassus</span> <span class='ocrx_word' id='word_1_203' title='bbox 464 2487 551 2550; x_wconf 85' lang='lat' dir='ltr'>luerit</span> <span class='ocrx_word' id='word_1_204' title='bbox 569 2488 600 2548; x_wconf 89' lang='lat' dir='ltr'>in</span> <span class='ocrx_word' id='word_1_205' title='bbox 615 2487 802 2570; x_wconf 79' lang='lat' dir='ltr'>Religionem</span> <span class='ocrx_word' id='word_1_206' title='bbox 822 2507 881 2550; x_wconf 79' lang='lat' dir='ltr'>aere</span> <span class='ocrx_word' id='word_1_207' title='bbox 895 2491 993 2552; x_wconf 85' lang='lat' dir='ltr'>alieno</span> <span class='ocrx_word' id='word_1_208' title='bbox 1007 2511 1072 2571; x_wconf 83' lang='lat' dir='ltr'>gra·</span> 
     </span>
     <span class='ocr_line' id='line_1_27' title="bbox 101 2577 1072 2660; baseline -0.001 -18"><span class='ocrx_word' id='word_1_209' title='bbox 101 2587 201 2656; x_wconf 81' lang='lat' dir='ltr'>uatus,</span> <span class='ocrx_word' id='word_1_210' title='bbox 224 2585 253 2641; x_wconf 89' lang='lat' dir='ltr'>el</span> <span class='ocrx_word' id='word_1_211' title='bbox 274 2577 490 2660; x_wconf 87' lang='lat' dir='ltr'>protessioncm</span> <span class='ocrx_word' id='word_1_212' title='bbox 513 2577 664 2655; x_wconf 88' lang='lat' dir='ltr'>emiserit,</span> <span class='ocrx_word' id='word_1_213' title='bbox 688 2595 726 2638; x_wconf 84' lang='lat' dir='ltr'>ex</span> <span class='ocrx_word' id='word_1_214' title='bbox 740 2579 853 2657; x_wconf 78' lang='lat' dir='ltr'>justitia</span> <span class='ocrx_word' id='word_1_215' title='bbox 875 2596 936 2638; x_wconf 92' lang='lat' dir='ltr'>non</span> <span class='ocrx_word' id='word_1_216' title='bbox 954 2585 1072 2641; x_wconf 85' lang='lat' dir='ltr'>tenetur</span> 
     </span>
     <span class='ocr_line' id='line_1_28' title="bbox 102 2663 1071 2750; baseline -0.002 -18"><span class='ocrx_word' id='word_1_217' title='bbox 102 2669 246 2750; x_wconf 86' lang='lat' dir='ltr'>Superior</span> <span class='ocrx_word' id='word_1_218' title='bbox 267 2667 338 2729; x_wconf 83' lang='lat' dir='ltr'>dare</span> <span class='ocrx_word' id='word_1_219' title='bbox 350 2667 379 2728; x_wconf 87' lang='lat' dir='ltr'>ei</span> <span class='ocrx_word' id='word_1_220' title='bbox 393 2666 541 2728; x_wconf 84' lang='lat' dir='ltr'>licentiam</span> <span class='ocrx_word' id='word_1_221' title='bbox 556 2665 710 2727; x_wconf 87' lang='lat' dir='ltr'>laborandi</span> <span class='ocrx_word' id='word_1_222' title='bbox 732 2673 765 2727; x_wconf 88' lang='lat' dir='ltr'>ut</span> <span class='ocrx_word' id='word_1_223' title='bbox 787 2663 960 2743; x_wconf 80' lang='lat' dir='ltr'>satisfaciat;</span> <span class='ocrx_word' id='word_1_224' title='bbox 976 2669 1071 2730; x_wconf 83' lang='lat' dir='ltr'>teneri</span> 
     </span>
     <span class='ocr_line' id='line_1_29' title="bbox 101 2754 1069 2838; baseline 0 -20"><span class='ocrx_word' id='word_1_225' title='bbox 101 2763 204 2820; x_wconf 82' lang='lat' dir='ltr'>lanren</span> <span class='ocrx_word' id='word_1_226' title='bbox 221 2763 318 2838; x_wconf 88' lang='lat' dir='ltr'>potest</span> <span class='ocrx_word' id='word_1_227' title='bbox 332 2773 368 2818; x_wconf 84' lang='lat' dir='ltr'>ex</span> <span class='ocrx_word' id='word_1_228' title='bbox 383 2755 524 2817; x_wconf 87' lang='lat' dir='ltr'>charitate</span> <span class='ocrx_word' id='word_1_229' title='bbox 538 2755 562 2816; x_wconf 89' lang='lat' dir='ltr'>si</span> <span class='ocrx_word' id='word_1_230' title='bbox 585 2755 628 2815; x_wconf 95' lang='lat' dir='ltr'>nil</span> <span class='ocrx_word' id='word_1_231' title='bbox 642 2755 781 2816; x_wconf 87' lang='lat' dir='ltr'>obstaret.</span> <span class='ocrx_word' id='word_1_232' title='bbox 800 2756 831 2816; x_wconf 90' lang='lat' dir='ltr'>S.</span> <span class='ocrx_word' id='word_1_233' title='bbox 847 2754 980 2835; x_wconf 64' lang='lat' dir='ltr'>Ligunr,</span> <span class='ocrx_word' id='word_1_234' title='bbox 997 2756 1069 2820; x_wconf 81' lang='lat' dir='ltr'>idid.</span> 
     </span>
    </p>

    <p class='ocr_par' dir='ltr' id='par_1_5' title="bbox 104 2837 1072 3015">
     <span class='ocr_line' id='line_1_30' title="bbox 145 2837 1072 2925; baseline 0.002 -19"><span class='ocrx_word' id='word_1_235' title='bbox 145 2850 232 2909; x_wconf 74' lang='lat' dir='ltr'>nott.</span> <span class='ocrx_word' id='word_1_236' title='bbox 255 2847 326 2907; x_wconf 76' lang='lat' dir='ltr'>llaec</span> <span class='ocrx_word' id='word_1_237' title='bbox 339 2864 373 2906; x_wconf 89' lang='lat' dir='ltr'>ex</span> <span class='ocrx_word' id='word_1_238' title='bbox 386 2848 453 2923; x_wconf 87' lang='lat' dir='ltr'>juro</span> <span class='ocrx_word' id='word_1_239' title='bbox 468 2843 613 2924; x_wconf 88' lang='lat' dir='ltr'>positivo;</span> <span class='ocrx_word' id='word_1_240' title='bbox 629 2842 681 2905; x_wconf 88' lang='lat' dir='ltr'>sed</span> <span class='ocrx_word' id='word_1_241' title='bbox 695 2842 767 2923; x_wconf 85' lang='lat' dir='ltr'>quid</span> <span class='ocrx_word' id='word_1_242' title='bbox 780 2841 942 2906; x_wconf 89' lang='lat' dir='ltr'>dicendum</span> <span class='ocrx_word' id='word_1_243' title='bbox 956 2862 993 2907; x_wconf 87' lang='lat' dir='ltr'>ex</span> <span class='ocrx_word' id='word_1_244' title='bbox 1003 2837 1072 2925; x_wconf 83' lang='lat' dir='ltr'>jure</span> 
     </span>
     <span class='ocr_line' id='line_1_31' title="bbox 104 2931 1072 3015; baseline 0.001 -18"><span class='ocrx_word' id='word_1_245' title='bbox 104 2934 473 2997; x_wconf 81' lang='lat' dir='ltr'>naturaliantestncaere</span> <span class='ocrx_word' id='word_1_246' title='bbox 483 2933 582 2993; x_wconf 88' lang='lat' dir='ltr'>alieno</span> <span class='ocrx_word' id='word_1_247' title='bbox 592 2937 729 3012; x_wconf 84' lang='lat' dir='ltr'>gravatus</span> <span class='ocrx_word' id='word_1_248' title='bbox 739 2931 924 3013; x_wconf 80' lang='lat' dir='ltr'>Religionem</span> <span class='ocrx_word' id='word_1_249' title='bbox 936 2934 1072 3015; x_wconf 76' lang='lat' dir='ltr'>ingredi?</span> 
     </span>
    </p>

    <p class='ocr_par' dir='ltr' id='par_1_6' title="bbox 102 3019 1076 3726">
     <span class='ocr_line' id='line_1_32' title="bbox 144 3019 1067 3104; baseline 0 -17"><span class='ocrx_word' id='word_1_250' title='bbox 144 3029 215 3087; x_wconf 81' lang='lat' dir='ltr'>&#39;l&#39;res</span> <span class='ocrx_word' id='word_1_251' title='bbox 229 3030 299 3086; x_wconf 85' lang='lat' dir='ltr'>sunt</span> <span class='ocrx_word' id='word_1_252' title='bbox 311 3023 465 3085; x_wconf 84' lang='lat' dir='ltr'>sentenliae</span> <span class='ocrx_word' id='word_1_253' title='bbox 477 3041 483 3081; x_wconf 95' lang='lat'><strong>:</strong></span> <span class='ocrx_word' id='word_1_254' title='bbox 494 3057 532 3068; x_wconf 87' lang='lat'>-</span> <span class='ocrx_word' id='word_1_255' title='bbox 544 3021 650 3082; x_wconf 83' lang='lat' dir='ltr'>Primo</span> <span class='ocrx_word' id='word_1_256' title='bbox 665 3019 798 3082; x_wconf 81' lang='lat' dir='ltr'>absoluto</span> <span class='ocrx_word' id='word_1_257' title='bbox 813 3029 913 3104; x_wconf 73' lang='lat' dir='ltr'>negat.</span> <span class='ocrx_word' id='word_1_258' title='bbox 926 3023 1067 3095; x_wconf 78' lang='lat' dir='ltr'>Secunda,</span> 
     </span>
     <span class='ocr_line' id='line_1_33' title="bbox 103 3108 1073 3186; baseline -0.001 -10"><span class='ocrx_word' id='word_1_259' title='bbox 103 3113 237 3176; x_wconf 81' lang='lat' dir='ltr'>absolute</span> <span class='ocrx_word' id='word_1_260' title='bbox 251 3110 394 3186; x_wconf 85' lang='lat' dir='ltr'>allirnrat,</span> <span class='ocrx_word' id='word_1_261' title='bbox 414 3109 504 3171; x_wconf 89' lang='lat' dir='ltr'>modd</span> <span class='ocrx_word' id='word_1_262' title='bbox 517 3109 633 3178; x_wconf 86' lang='lat' dir='ltr'>debitor</span> <span class='ocrx_word' id='word_1_263' title='bbox 646 3108 726 3171; x_wconf 84' lang='lat' dir='ltr'>bona</span> <span class='ocrx_word' id='word_1_264' title='bbox 739 3128 792 3172; x_wconf 89' lang='lat' dir='ltr'>sua</span> <span class='ocrx_word' id='word_1_265' title='bbox 802 3111 998 3175; x_wconf 85' lang='lat' dir='ltr'>creditoribus</span> <span class='ocrx_word' id='word_1_266' title='bbox 1011 3113 1073 3175; x_wconf 87' lang='lat' dir='ltr'>suis</span> 
     </span>
     <span class='ocr_line' id='line_1_34' title="bbox 103 3197 1070 3280; baseline -0.003 -15"><span class='ocrx_word' id='word_1_267' title='bbox 103 3201 199 3265; x_wconf 87' lang='lat' dir='ltr'>cedat.</span> <span class='ocrx_word' id='word_1_268' title='bbox 232 3201 333 3262; x_wconf 82' lang='lat' dir='ltr'>Tertia</span> <span class='ocrx_word' id='word_1_269' title='bbox 360 3197 515 3280; x_wconf 81' lang='lat' dir='ltr'>distinguit</span> <span class='ocrx_word' id='word_1_270' title='bbox 542 3207 571 3261; x_wconf 91' lang='lat' dir='ltr'>el</span> <span class='ocrx_word' id='word_1_271' title='bbox 594 3198 768 3280; x_wconf 80' lang='lat' dir='ltr'>dicitquod</span> <span class='ocrx_word' id='word_1_272' title='bbox 795 3199 818 3261; x_wconf 88' lang='lat' dir='ltr'>si</span> <span class='ocrx_word' id='word_1_273' title='bbox 845 3199 972 3277; x_wconf 88' lang='lat' dir='ltr'>debitor,</span> <span class='ocrx_word' id='word_1_274' title='bbox 991 3201 1070 3262; x_wconf 73' lang='lat' dir='ltr'>brevi</span> 
     </span>
     <span class='ocr_line' id='line_1_35' title="bbox 104 3287 1072 3370; baseline -0.003 -17"><span class='ocrx_word' id='word_1_275' title='bbox 104 3309 232 3354; x_wconf 86' lang='lat' dir='ltr'>manens</span> <span class='ocrx_word' id='word_1_276' title='bbox 254 3290 286 3351; x_wconf 96' lang='lat' dir='ltr'>in</span> <span class='ocrx_word' id='word_1_277' title='bbox 308 3288 435 3366; x_wconf 87' lang='lat' dir='ltr'>saeculo,</span> <span class='ocrx_word' id='word_1_278' title='bbox 452 3295 550 3370; x_wconf 90' lang='lat' dir='ltr'>posset</span> <span class='ocrx_word' id='word_1_279' title='bbox 564 3289 629 3350; x_wconf 76' lang='lat' dir='ltr'>sine</span> <span class='ocrx_word' id='word_1_280' title='bbox 650 3291 759 3368; x_wconf 76' lang='lat' dir='ltr'>anagnu</span> <span class='ocrx_word' id='word_1_281' title='bbox 776 3287 947 3350; x_wconf 86' lang='lat' dir='ltr'>difficultate</span> <span class='ocrx_word' id='word_1_282' title='bbox 968 3289 1072 3350; x_wconf 86' lang='lat' dir='ltr'>saltem</span> 
     </span>
     <span class='ocr_line' id='line_1_36' title="bbox 104 3376 1074 3458; baseline -0.003 -16"><span class='ocrx_word' id='word_1_283' title='bbox 104 3380 266 3442; x_wconf 87' lang='lat' dir='ltr'>notabilem</span> <span class='ocrx_word' id='word_1_284' title='bbox 273 3376 364 3440; x_wconf 91' lang='lat' dir='ltr'>debili</span> <span class='ocrx_word' id='word_1_285' title='bbox 376 3379 422 3439; x_wconf 90' lang='lat' dir='ltr'>sui</span> <span class='ocrx_word' id='word_1_286' title='bbox 438 3385 552 3458; x_wconf 87' lang='lat' dir='ltr'>partem</span> <span class='ocrx_word' id='word_1_287' title='bbox 562 3377 716 3458; x_wconf 80' lang='lat' dir='ltr'>acquirere</span> <span class='ocrx_word' id='word_1_288' title='bbox 727 3385 758 3439; x_wconf 93' lang='lat' dir='ltr'>ut</span> <span class='ocrx_word' id='word_1_289' title='bbox 768 3377 941 3454; x_wconf 84' lang='lat' dir='ltr'>satislaciat,</span> <span class='ocrx_word' id='word_1_290' title='bbox 956 3384 1074 3442; x_wconf 87' lang='lat' dir='ltr'>tenetur</span> 
     </span>
     <span class='ocr_line' id='line_1_37' title="bbox 102 3464 1073 3550; baseline -0.002 -18"><span class='ocrx_word' id='word_1_291' title='bbox 102 3475 279 3550; x_wconf 76' lang='lat' dir='ltr'>expectar03</span> <span class='ocrx_word' id='word_1_292' title='bbox 303 3483 390 3528; x_wconf 88' lang='lat' dir='ltr'>secus</span> <span class='ocrx_word' id='word_1_293' title='bbox 408 3465 433 3528; x_wconf 86' lang='lat' dir='ltr'>si</span> <span class='ocrx_word' id='word_1_294' title='bbox 455 3464 586 3528; x_wconf 90' lang='lat' dir='ltr'>adhunc</span> <span class='ocrx_word' id='word_1_295' title='bbox 604 3467 695 3528; x_wconf 76' lang='lat' dir='ltr'>linem</span> <span class='ocrx_word' id='word_1_296' title='bbox 713 3464 765 3528; x_wconf 84' lang='lat' dir='ltr'>dili</span> <span class='ocrx_word' id='word_1_297' title='bbox 782 3467 812 3526; x_wconf 91' lang='lat' dir='ltr'>in</span> <span class='ocrx_word' id='word_1_298' title='bbox 827 3466 937 3528; x_wconf 84' lang='lat' dir='ltr'>saeculo</span> <span class='ocrx_word' id='word_1_299' title='bbox 952 3483 1073 3530; x_wconf 87' lang='lat' dir='ltr'>manere</span> 
     </span>
     <span class='ocr_line' id='line_1_38' title="bbox 102 3553 1070 3637; baseline -0.002 -16"><span class='ocrx_word' id='word_1_300' title='bbox 102 3557 243 3634; x_wconf 86' lang='lat' dir='ltr'>deberet,</span> <span class='ocrx_word' id='word_1_301' title='bbox 259 3555 305 3620; x_wconf 83' lang='lat' dir='ltr'>vel</span> <span class='ocrx_word' id='word_1_302' title='bbox 320 3553 457 3637; x_wconf 87' lang='lat' dir='ltr'>nequiret</span> <span class='ocrx_word' id='word_1_303' title='bbox 476 3553 644 3618; x_wconf 76' lang='lat' dir='ltr'>satisfacere</span> <span class='ocrx_word' id='word_1_304' title='bbox 664 3555 729 3616; x_wconf 77' lang='lat' dir='ltr'>sind</span> <span class='ocrx_word' id='word_1_305' title='bbox 748 3554 870 3618; x_wconf 87' lang='lat' dir='ltr'>notabili</span> <span class='ocrx_word' id='word_1_306' title='bbox 889 3553 1070 3620; x_wconf 86' lang='lat' dir='ltr'>difficultate.</span> 
     </span>
     <span class='ocr_line' id='line_1_39' title="bbox 105 3643 1076 3726; baseline 0.005 -18"><span class='ocrx_word' id='word_1_307' title='bbox 105 3645 199 3710; x_wconf 83' lang='lat' dir='ltr'>llrere</span> <span class='ocrx_word' id='word_1_308' title='bbox 212 3653 332 3726; x_wconf 88' lang='lat' dir='ltr'>tempus</span> <span class='ocrx_word' id='word_1_309' title='bbox 345 3643 439 3723; x_wconf 84' lang='lat' dir='ltr'>lllajor</span> <span class='ocrx_word' id='word_1_310' title='bbox 452 3649 536 3725; x_wconf 86' lang='lat' dir='ltr'>putat</span> <span class='ocrx_word' id='word_1_311' title='bbox 548 3644 712 3706; x_wconf 87' lang='lat' dir='ltr'>trienninm</span> <span class='ocrx_word' id='word_1_312' title='bbox 722 3663 731 3720; x_wconf 94' lang='lat'>;</span> <span class='ocrx_word' id='word_1_313' title='bbox 743 3643 875 3706; x_wconf 86' lang='lat' dir='ltr'>Sanclrez</span> <span class='ocrx_word' id='word_1_314' title='bbox 888 3652 988 3707; x_wconf 87' lang='lat' dir='ltr'>autem</span> <span class='ocrx_word' id='word_1_315' title='bbox 1002 3664 1076 3714; x_wconf 84' lang='lat' dir='ltr'>cum.</span> 
     </span>
    </p>
   </div>
   <div class='ocr_carea' id='block_1_2' title="bbox 225 3763 1002 3812">
    <p class='ocr_par' dir='ltr' id='par_1_7' title="bbox 225 3763 1002 3812">
     <span class='ocr_line' id='line_1_40' title="bbox 225 3763 1002 3812; baseline -0.001 0"><span class='ocrx_word' id='word_1_316' title='bbox 225 3768 254 3812; x_wconf 71' lang='lat' dir='ltr'>T.</span> <span class='ocrx_word' id='word_1_317' title='bbox 269 3767 303 3810; x_wconf 87' lang='lat'>11.</span> <span class='ocrx_word' id='word_1_318' title='bbox 971 3763 1002 3812; x_wconf 80' lang='lat' dir='ltr'>lt</span> 
     </span>
    </p>
   </div>
   <div class='ocr_carea' id='block_1_3' title="bbox 0 0 1281 3992">
    <p class='ocr_par' dir='ltr' id='par_1_8' title="bbox 0 0 1281 3992">
     <span class='ocr_line' id='line_1_41' title="bbox 0 0 1281 3992; baseline 0 0"><span class='ocrx_word' id='word_1_319' title='bbox 0 0 1281 3992; x_wconf 95' lang='lat' dir='ltr'> </span> 
     </span>
    </p>
   </div>
  </div>
 </body>
</html>
