2522 4028
422 253 508 330 arnan
527 252 646 300 snmus.
967 235 1026 299 285

58 374 74 411 c
94 350 245 414 Diaconos
262 346 400 410 similiter
413 347 558 429 pudicns;
582 371 598 408 a
624 354 654 412 et
673 346 761 425 ibid,
780 366 848 431 cap.
863 351 899 424 5,
914 367 942 410 v.
962 352 1025 410 Ὦς

59 441 238 521 ιΤοίρευηι
265 445 381 500 castum
408 436 535 499 custodi.
564 457 580 497 a
612 437 767 502 Fundetur
793 439 866 501 item
891 437 1029 518 exemplo

55 529 185 605 Christi,
199 529 231 591 S.
246 526 390 602 loannis,
406 526 436 587 S.
454 525 537 588 Pauli
553 533 582 589 at
591 535 772 590 ceterorum
784 527 1007 609 Apostolorum.

96 629 157 694 Sed
171 627 318 711 quidquid
333 627 473 690 nonnulli
491 627 636 704 dixerint,
662 617 713 691 illa
726 628 774 692 lex
794 647 856 692 nou
869 635 1030 691 esttamen

55 719 180 803 proprie
192 717 231 780 de
241 719 308 797 jure
322 716 439 787 divino,
455 723 488 780 ut
501 717 703 780 communiter
714 717 854 800 (praeciso
868 719 950 793 voto)
966 735 1032 779 sen·

57 810 139 870 liunt
151 809 303 869 Doctores.
320 806 451 887 Ideoque
474 805 504 866 in
525 809 561 867 eb
576 805 750 888 dispensare
770 812 867 889 potest
880 805 1029 877 Ecclesia.

57 903 149 979 prout
159 897 264 958 revera·
274 911 353 976 saepe
366 893 566 976 dispensavit:
584 913 695 976 nempe
707 894 954 976 temporcblariae
970 897 1032 954 bn·

58 985 180 1066 giorum
190 983 325 1063 Reginae:
341 991 372 1045 et
385 982 681 1065 postGoncordatum
697 987 769 1048 tuot
779 1031 787 1057 ,
798 984 877 1046 inter
884 983 972 1046 Pium
984 983 1033 1044 Vll

64 1073 310 1154 etb'apoleonenr
323 1073 336 1134 1
350 1072 469 1134 initum.
483 1105 518 1120 ·-
536 1071 609 1134 Vide
623 1073 700 1135 inira
717 1074 832 1157 (4253).

101 1179 191 1239 atas.
214 1175 274 1239 Sed
287 1176 433 1257 quaeritur
443 1175 547 1237 utrum
560 1175 703 1258 obligatio
712 1177 866 1240 caelihatds
879 1175 917 1238 sit
930 1175 1034 1238 imme-

59 1265 140 1417 2¹:115
135 1284 204 1420 ἐξ)
203 1271 354 1415 praecepto
372 1263 529 1340 Ecclesiae,
553 1265 599 1328 vel
620 1264 749 1329 mediate
769 1285 823 1348 per
836 1273 938 1330 uotum
952 1264 1034 1328 ordi·

99 1459 193 1538 Resp.
210 1459 290 1519 Duas
300 1473 365 1518 essa
378 1455 552 1533 sententias,
568 1457 919 1539 quaeambaeprobabiles
932 1457 1036 1521 dicun·
1148 1479 1150 1484 ’

62 1549 112 1607 tur
124 1547 143 1608 a
157 1547 268 1608 Sancto
282 1544 432 1626 lignario,
448 1543 501 1606 lib.
511 1547 542 1622 6,
559 1554 592 1607 n⁰
607 1548 677 1608 808.
879 1565 882 1570 ·

102 1650 290 1714 probabilior
302 1657 405 1712 tamen
419 1653 450 1712 et
462 1649 654 1712 communior
668 1651 833 1726 sententia,
851 1652 936 1730 juxta
949 1669 1036 1713 eum·

64 1739 136 1802 dem
158 1741 317 1811 Sanctum,
333 1757 369 1801 ea
392 1743 438 1801 est
456 1757 524 1820 quae
544 1745 627 1800 tanet
647 1738 803 1802 caelibatus
822 1739 1037 1820 obligationem

65 1829 136 1891 oriri
150 1847 186 1890 ex
200 1835 288 1898 uoto.
308 1828 380 1909 quia
394 1826 467 1890 illud
480 1833 526 1890 est
543 1845 719 1910 expressum
738 1827 864 1906 injure,
881 1846 947 1910 cap.
965 1827 1038 1891 Cion

65 1918 155 1987 olim,
177 1917 211 1980 de
223 1915 328 1979 clerico
341 1916 457 1998 conjug.
470 1963 478 1994 ‚
493 1915 670 1980 ubidicitur
690 1936 698 1978 ε
720 1919 815 1980 otton
830 1917 920 2000 igitur
938 1923 1037 1980 atten-

66 2030 81 2065 s
105 2006 212 2069 dentes
226 2005 307 2088 qudd
323 2005 481 2068 orientalis
494 2005 628 2068 Ecclesia
640 2016 743 2070 votum
763 2006 955 2069 continentiae
976 2023 1038 2069 uon

67 2118 81 2154 a
108 2095 237 2158 admisit.
254 2117 270 2154 n
288 2097 368 2177 Ergo
382 2093 502 2156 admisit
515 2095 714 2158 Occidentalis
726 2095 868 2158 Ecclesia.

106 2189 197 2247 atat.
221 2182 309 2248 Unde
324 2181 515 2264 probabiliter
528 2191 633 2246 contra
654 2183 903 2248 Salmanticenses
922 2190 951 2247 et
965 2184 1039 2249 alios

67 2272 182 2357 plures,
198 2272 256 2336 dici
265 2278 362 2354 potest
375 2289 446 2334 eum
459 2289 521 2333 uon
536 2271 630 2334 teneri
645 2272 682 2335 ad
696 2273 911 2335 continentiam
926 2273 977 2355 qui
991 2292 1039 2337 re·

67 2362 182 2444 ceperit
213 2359 335 2424 ordines
370 2378 496 2436 sacros,
525 2359 735 2424 invincibiliter
761 2363 905 2442 ignorans
937 2369 1039 2426 votum

67 2448 1041 2532 castitatisipsisesseadnexum,moddtameurerertipsiusiguo·

68 2539 166 2601 rantia
179 2537 359 2601 invincibilis
372 2536 481 2614 fuerit3
497 2537 602 2620 excipe
617 2555 689 2601 eum
703 2539 754 2620 qui
775 2537 948 2618 hujusmodi
963 2538 1042 2600 ordi-

70 2645 124 2690 nes
140 2628 307 2709 susceperit
319 2644 390 2691 cum
404 2626 511 2690 eadam
524 2625 708 2708 obligatione
721 2629 783 2708 qua
792 2627 843 2690 alii
860 2626 1038 2709 suscipiunt.

69 2716 112 2793 (S.
129 2715 266 2796 Lignum,
282 2713 334 2777 lib.
350 2717 384 2788 6,
402 2725 437 2776 n⁰
450 2716 532 2794 809.)

109 2817 201 2876 2125.
224 2813 255 2876 Si
270 2812 338 2895 quis
351 2813 473 2874 ordines
486 2813 573 2875 vellet
586 2813 738 2895 suscipere
757 2813 897 2894 expresse
910 2813 1042 2877 nolendo

70 2917 197 2975 vor-ere,
212 2908 364 2964 teneretur
386 2907 488 2962 tamen
507 2899 544 2962 ad
565 2902 750 2978 castitatem,
774 2919 836 2963 non
854 2918 890 2963 ex
904 2909 972 2965 voto
989 2903 1041 2966 sed

72 3005 107 3049 ex
123 2995 274 3070 precepto
285 2989 427 3052 Ecclesiae
441 2987 527 3051 illum
540 2988 692 3070 obligante
699 3007 736 3052 ex
746 2989 857 3052 motivo
869 2989 1039 3071 religionis:

72 3076 155 3139 unde
168 3077 258 3139 etiarn
271 3077 462 3159 sacrilegium
481 3077 681 3140 committeret
698 3078 863 3141 castitatem
885 3079 1040 3158 violando,

72 3165 228 3246 taliterque
242 3164 398 3228 ordinatus
413 3165 450 3227 ad
471 3165 670 3228 emittendum
691 3173 794 3228 votum
816 3167 1039 3248 astringeretur.

112 3267 203 3326 2126.
226 3265 348 3326 Certum
365 3270 425 3334 est,
438 3263 523 3341 juxta
536 3266 567 3326 S.
583 3263 760 3344 Liguorium
775 3263 841 3338 (lib.
858 3268 889 3336 6,
906 3263 939 3325 'n0
952 3269 1040 3340 sto),

72 3350 156 3431 qudd
170 3350 219 3412 ille
232 3351 284 3432 qui
298 3349 451 3413 ordinatus
465 3359 543 3414 esset
555 3361 624 3414 ante
639 3369 726 3414 usum
736 3352 871 3422 rationis,
882 3352 935 3414 etsi
950 3353 1042 3434 ipsius

73 3437 223 3500 ordinatio
236 3439 331 3502 ualida
345 3447 440 3513 esset,
464 3457 525 3502 uon
547 3447 698 3504 teneretur
717 3449 819 3503 tamen
833 3439 871 3501 ad
885 3443 1041 3503 contineu-

74 3527 146 3588 tium
157 3574 167 3604 ,
179 3525 233 3590 sed
247 3537 346 3609 posset
358 3527 454 3590 aalide
467 3534 498 3589 et
511 3529 590 3592 licite
604 3530 830 3591 matrimonium
845 3530 931 3590 inire.

114 3617 203 3690 mi,
227 3614 359 3678 Dubium
373 3624 419 3678 est
434 3635 473 3676 an
488 3617 525 3676 ad
539 3617 709 3679 caelibatum
731 3623 866 3678 teneatur
888 3616 940 3704 qui
961 3615 1041 3684 ordi·
