2522 3992
231 190 288 246 420
451 201 590 247 nennius
609 201 710 246 renus
729 199 811 246 suuis
831 199 977 246 cumomni.

230 324 245 362 o
269 303 330 366 sire
344 304 553 387 temporalium
569 305 678 386 gradus
691 311 721 366 et
737 304 901 366 ministeria
915 301 1144 372 edrrrittuntur.
1164 303 1213 366 sel
1241 289 1242 352 l

197 395 203 408 ⁴
231 415 245 452 o
270 394 359 454 etium
374 395 448 456 alins
460 414 565 456 onmes
580 404 608 455 et
623 411 849 474 quoscumque.
865 395 917 472 qui
934 395 963 453 in
980 393 1046 474 ipse
1061 393 1214 454 roielute

231 504 246 542 s
271 481 409 556 admissi,
426 483 547 544 biennio
562 483 773 564 proliatinnise
788 499 982 563 quocumque
998 491 1144 562 peraeto,
1163 485 1214 542 tn'i

232 593 246 630 o
271 580 336 632 rota
352 571 503 654 predicte,
518 571 634 634 temetsi
654 571 812 652 surrentinis,
827 570 994 646 emiserim,
1008 571 1213 650 eminentque

233 681 248 720 n
273 658 460 738 infuturum,
473 660 864 744 verdetpropriereliyiosos
876 659 967 740 fuisse
980 667 1009 719 et
1023 677 1094 736 esse,
1112 659 1211 721 etudi-

233 771 248 810 ι)
272 767 325 826 que
338 769 449 831 semper
469 749 506 811 ab
520 749 650 810 omnibns
669 749 781 812 ceneri
793 757 823 810 et
836 747 985 808 oomr'nori
998 745 1121 820 debere,
1138 769 1174 809 oc
1191 771 1210 806 n

233 860 248 898 n
274 839 305 898 in
320 838 735 920 Professoremprcedietornm
749 835 1057 918 nnmerumedseripti
1068 835 1207 917 firissrnt.

235 950 249 987 o
276 926 469 1006 Praeeipimus
489 933 520 989 et
546 927 752 988 interdicimus
780 925 1045 1008 requiemque...
1078 925 1162 986 illud
1184 928 1213 984 irr

235 1037 250 1073 s
275 1014 536 1077 controuersiam...
557 1035 665 1096 ponere
688 1014 794 1076 audeat
816 1035 928 1098 quoquo
950 1013 1041 1074 modo.
1065 1035 1081 1072 n
1110 1017 1149 1075 Et
1171 1017 1214 1076 sie

237 1106 335 1164 rererlr
353 1101 440 1164 hodie
454 1102 636 1166 unanimiter
645 1112 769 1166 censent
779 1107 933 1167 Doctores.
946 1105 983 1165 V.
1000 1101 1116 1164 Bened.
1134 1107 1212 1176 Xlt‘,

237 1190 280 1253 De
292 1189 384 1272 Sym,
400 1189 452 1252 lib.
469 1195 521 1264 13,
537 1193 704 1273 napulie
718 1197 767 1253 29.

280 1280 396 1339 Veritas
416 1277 622 1356 responsionis
641 1275 727 1337 focile
740 1273 863 1338 aliunde
880 1273 988 1338 deduci
1005 1277 1107 1356 potest
1121 1291 1160 1337 ex
1174 1292 1211 1334 eo

241 1366 321 1448 qudd
340 1369 514 1427 solemnitas
537 1377 675 1428 votorum
699 1366 737 1426 sit
759 1365 953 1426 institutoris
974 1364 1210 1437 ecclesiasticos,

240 1455 313 1518 dum
335 1456 436 1518 sutus
456 1458 614 1534 religiosus
632 1453 668 1516 sit
691 1455 780 1516 etiam
810 1455 1004 1516 institutionis
1031 1453 1158 1530 dirinae,
1185 1467 1215 1518 et

242 1547 367 1628 proinde
383 1547 489 1608 hebent
502 1549 519 1608 l
530 1548 598 1624 jure
608 1544 710 1606 divin'o
720 1563 805 1606 suum
822 1547 994 1606 essentium.

280 1639 369 1699 2503.
382 1637 474 1698 Aliter
484 1645 584 1697 laureo
595 1634 706 1696 sentire
719 1635 859 1696 ridentur
870 1633 1085 1714 Annncnjur.
1096 1637 1213 1716 pontif.

244 1726 307 1808 (ΔΟο
321 1730 399 1801 lire,
421 1727 479 1788 eol.
496 1727 578 1806 lli).
597 1723 648 1787 ubi
670 1725 775 1786 dieunt
793 1725 1063 1805 congregationes
1088 1727 1122 1785 in
1150 1733 1216 1808 qui-

243 1817 300 1878 lius
320 1817 419 1878 sotum
443 1816 623 1878 emittuntur
636 1821 704 1874 voni
725 1815 883 1896 simpieie,
911 1833 974 1876 non
1001 1833 1069 1877 esse
1091 1818 1217 1881 ordines

243 1909 392 1988 regulares
408 1951 416 1981 ‚
438 1904 492 1965 etsi
506 1910 646 1984 perpetua
662 1901 693 1963 in
708 1905 751 1963 eis
760 1905 933 1966 emittuntur
949 1913 1027 1978 vole,
1042 1921 1115 1967 oum
1128 1911 1215 1982 jnra-

242 2004 343 2058 rnento
354 1997 578 2076 [erseveruntiae
592 1990 661 2054 Sedi
679 1993 858 2071 Apostolicre
875 2003 1049 2070 reservato3
1065 1995 1217 2075 inprobe

241 2087 354 2146 tionem
382 2083 510 2144 ulier-unt
538 2083 629 2144 Breve
660 2079 821 2143 Pastorotis
839 2084 930 2165 officii
962 2087 1133 2147 lunooentii
1168 2092 1217 2165 X,

241 2176 280 2235 30
291 2173 356 2254 julii
382 2176 469 2248 ⁴652,
491 2171 696 2234 ubidicitur:
729 2169 1036 2254 «congregationem
1064 2176 1219 2240 Doctrine

241 2283 256 2321 n
280 2262 492 2326 Christianos...
513 2264 596 2338 regni
612 2259 752 2341 (Gallie),
775 2270 843 2341 post
860 2262 968 2324 leclnm
984 2264 1216 2329 dissolutionem

241 2372 257 2410 n
273 2351 664 2434 unionileongr-egatinne
678 2351 861 2413 Clerioorum
874 2352 1058 2433 regularium
1075 2355 1117 2416 lte
1135 2359 1218 2418 Sene

243 2463 259 2500 s
282 2442 407 2517 nemeto,
428 2441 518 2502 luisse
533 2443 684 2506 redonam
700 2445 736 2504 ad
754 2442 869 2503 Statum
895 2441 1150 2522 congregationis
1165 2465 1217 2509 se

244 2531 401 2608 scolaris,
421 2531 515 2611 juxta·
532 2531 627 2610 ipsius
648 2536 825 2595 institutum
851 2529 867 2592 l
898 2529 977 2593 lelio.
1002 2533 1110 2594 record
1151 2537 1218 2597 Cle·

240 2643 256 2681 u
284 2636 384 2684 mente
401 2619 502 2684 t'lll...
520 2621 745 2700 approbatum..
766 2643 774 2694 ς
800 2629 868 2702 post
882 2622 1111 2685 dissolutionem
1133 2625 1218 2685 dicte

240 2711 403 2774 nunionis
425 2711 456 2773 in
482 2710 562 2773 dicu
588 2709 830 2793 Congregntione
856 2713 1005 2774 lloetrinoe
1030 2713 1217 2791 Christiane,

241 2821 257 2858 n
281 2801 403 2862 admissi
431 2817 467 2862 so
493 2801 686 2863 infuturum
715 2800 919 2878 adnrittendi‚
943 2809 1089 2880 tanquam
1116 2805 1217 2864 elerici

240 2907 257 2947 s
282 2888 442 2951 seculares
460 2897 531 2951 sunt
549 2888 690 2952 habendi.
713 2911 728 2950 r
747 2889 785 2952 Et
800 2893 900 2951 revere
917 2907 977 2952 non
1000 2897 1074 2954 solet
1094 2891 1217 2954 conred

242 2977 305 3040 is.
321 2980 398 3040 Sede
417 2978 585 3056 jurisdictio
600 2979 657 3041 lori
681 2980 796 3041 externi
812 2979 1026 3059 superioribus
1046 2981 1217 3062 Congrege-

242 3066 359 3128 tionnm
375 3067 405 3127 in
425 3067 535 3147 quibus
550 3085 610 3130 non
633 3070 813 3130 emittuntur
829 3077 895 3132 vote
916 3071 1078 3146 solemnis,
1099 3081 1129 3132 et
1155 3075 1216 3132 ideo

243 3155 408 3217 Ordrnuriis
432 3156 566 3218 locorum
588 3157 694 3230 suliiiei
719 3159 830 3226 solent.
854 3175 909 3218 nee
929 3156 1031 3220 heberi
1055 3160 1217 3221 detentet

244 3245 374 3324 exempti
386 3245 451 3306 sine
462 3247 584 3324 speciali
603 3246 732 3308 lodnltn.
749 3281 787 3293 -
800 3249 875 3308 llaee
888 3247 1028 3309 Analecta
1042 3269 1051 3322 ;
1066 3267 1106 3310 en
1120 3265 1217 3312 entem

244 3331 308 3396 lnee
322 3333 474 3395 destruent
491 3335 549 3394 einr
562 3335 732 3415 erguirrenti
749 3336 778 3398 in
799 3337 981 3398 connnrtonr
997 3340 1171 3419 depnmipti
1188 3361 1217 3400 es

244 3423 463 3486 Constitutione
481 3425 616 3504 Gregorii
639 3425 704 3487 lllll
719 3445 810 3507 suoru
835 3429 937 3492 retem.
957 3445 1016 3486 non
1041 3431 1120 3490 tiene
1141 3431 1219 3489 ride-

246 3515 439 3588 mus;eaeteri
450 3514 596 3589 judicent.
610 3515 682 3574 Vide
692 3515 748 3575 ulia
762 3517 841 3596 epud
858 3517 893 3576 D.
908 3516 1002 3578 Bonis
1021 3517 1218 3600 (Heliconi,

246 3605 320 3664 tom.
344 3605 373 3676 l,
390 3621 420 3682 p.
441 3606 512 3675 lli,
525 3600 611 3687 ete).
625 3604 671 3666 De
687 3601 776 3672 hisr.
795 3603 855 3668 Des
867 3608 1081 3669 enmnrnnnute's
1099 3607 1118 3670 d
1136 3627 1219 3674 neus

247 3690 376 3770 n'mples,
392 3690 434 3754 η’·
446 3693 486 3754 ³5
500 3738 510 3770 ‚
524 3697 584 3755 ete.
