2522 3992
463 271 548 317 LIBER
570 272 688 318 aniame.

506 467 584 529 tur.
608 467 652 531 lli.

129 611 168 657 nr
196 609 299 656 nonna
320 607 468 655 canonum
489 607 603 654 sraruu
626 608 801 656 nrursrosuu
822 606 1021 654 rnoneormnr.

131 745 219 804 2506.
236 742 392 822 Ingressus
405 739 435 802 in
450 739 627 821 religionem
643 739 677 801 fit
689 759 743 823 per
757 741 935 805 eanonicam
948 739 1058 804 Proles

90 831 238 892 sionem:
267 827 376 899 idest,
407 848 461 912 per
483 829 727 906 l‘rofessionem,
758 831 894 913 legitimo
921 831 1062 895 novitiatu

90 927 223 1001 peraeto,
235 919 289 981 rite
301 918 385 998 juxta
399 917 481 1000 leges
488 919 629 981 Ecclesiae
645 919 798 982 emissam.
814 921 901 985 Unde
911 920 959 982 hle
972 939 1058 1002 expo·

91 1001 1059 1092 nendumestiusoommunecircalllouita'ntumetProfessr'onem.

545 1185 606 1267 er.

464 1312 509 1378 De
522 1313 596 1377 Noui
602 1313 689 1381 tinto.

133 1466 409 1530 2597.«N0ritiatus
419 1473 464 1528 est
473 1469 1061 1553 mutnumexperimentumquolteligi0‚

94 1577 109 1613 o
135 1573 171 1616 ex
194 1558 255 1617 una
278 1563 383 1637 parte,
408 1557 560 1637 experitur
583 1575 682 1617 mores
695 1564 723 1617 et
738 1558 894 1638 qualitates
912 1561 1012 1622 novitii
1032 1569 1062 1623 ut

95 1665 110 1700 n
135 1642 230 1704 rideat
250 1663 287 1706 an
306 1645 443 1727 expediat
462 1646 548 1707 illum
567 1645 723 1708 admittere
737 1647 781 1707 vel
801 1647 943 1726 rejicere;
962 1657 991 1711 et
1010 1669 1064 1710 no·

94 1755 109 1790 n
135 1731 238 1810 vitius,
260 1753 295 1795 ex
315 1735 406 1795 alterd
421 1741 522 1816 parte,
539 1735 690 1815 experitur
704 1735 867 1816 Religionis
880 1737 1064 1800 austeritates

93 1845 108 1880 n
134 1827 163 1882 ei
177 1823 310 1898 Susum,
326 1841 473 1904 suamque
488 1823 630 1896 indolem,
647 1831 680 1886 ut
694 1823 790 1886 videat
804 1843 843 1886 an
858 1826 914 1886 sibi
928 1827 1063 1908 exprediat

94 1933 108 1968 o
133 1911 214 1972 illam
229 1911 369 1994 profiteri.
384 1934 399 1970 n
420 1915 461 1974 lta
478 1913 600 1974 Bitluart
616 1911 671 1994 (De
685 1911 797 1995 Inep,
813 1911 883 1977 diss.
900 1921 931 1992 l,
946 1923 1001 1978 art.
1022 1921 1062 1995 ἲ).

482 2085 635 2144 PUNCTUll
651 2087 672 2142 l.
699 2077 702 2084 ’

133 2216 247 2268 oummr
266 2217 338 2263 roua
359 2217 490 2264 sonuum
508 2218 538 2262 m
553 2216 730 2264 numerorum
750 2217 817 2265 smr
831 2220 1023 2271 aourrrmm.

134 2341 223 2401 2598.
240 2337 317 2399 -l.
347 2335 389 2400 Ob
411 2335 554 2416 desectum
577 2337 682 2398 mentis
704 2342 821 2399 certum
845 2347 889 2401 est
919 2361 980 2402 non
1001 2363 1064 2406 essa

93 2425 295 2492 admittendos
319 2431 475 2502 amentes,
500 2425 719 2508 invalidamque
740 2443 805 2488 esse
828 2431 1063 2510 assumptionem

92 2517 215 2580 habitus
229 2516 359 2596 religiosi
375 2521 426 2578 aut
440 2513 670 2596 professionem,
686 2516 723 2576 ab
737 2532 774 2576 eo
788 2523 939 2595 peractam
954 2521 1006 2600 qui
1019 2525 1065 2584 sut

93 2624 157 2669 non
172 2612 217 2668 est
229 2623 363 2688 eompos.

134 2699 266 2760 2599.--
273 2698 309 2758 ll.
325 2695 460 2777 Defectus
472 2691 621 2755 libertatis
635 2691 761 2772 impedit
773 2692 883 2773 pariter
897 2693 1066 2778 ingressum

94 2785 259 2868 Religionis
280 2807 288 2847 :
304 2786 394 2860 porro
412 2781 601 2865 quadruplici
616 2781 706 2842 modo
721 2781 896 2862 contingere
910 2793 1006 2865 potest
1020 2787 1067 2852 trio

94 2873 229 2938 defectus
246 2895 254 2936 ε
276 2874 321 2936 vel
335 2873 375 2937 ob
389 2873 576 2950 servitutem,
592 2870 638 2932 vel
653 2871 692 2931 ob
709 2871 954 2951 matrimonium,
969 2877 1014 2938 rel
1028 2880 1067 2942 ob

94 2963 317 3026 professionem
338 2963 369 3025 in
388 2963 446 3026 alit
466 2961 622 3042 Religione
640 2959 801 3039 emissam,
822 2962 867 3024 vel
891 2963 930 3024 ob
951 2967 1066 3032 Statum

93 3053 315 3136 Episoopalem.

136 3149 167 3205 l⁰
182 3144 264 3205 Serri
287 3144 318 3205 in
338 3141 526 3223 Religionem
549 3157 611 3202 non
632 3143 702 3202 sunt
724 3138 918 3222 admittendi,
938 3150 979 3219 et,
999 3146 1067 3210 licet

93 3233 238 3318 professi,
261 3233 278 3294 a
305 3231 437 3296 dominis
458 3232 520 3293 suis
548 3229 642 3312 repeti
663 3237 789 3310 possunt
810 3231 887 3292 intra
905 3234 1067 3297 triennium

93 3321 334 3402 computandum
363 3325 381 3383 ts
403 3319 451 3384 die
467 3337 528 3402 quo
556 3319 602 3380 isti
629 3319 740 3380 eonsoii
756 3318 879 3382 fuerunt
894 3321 1065 3402 ingressus,

93 3430 157 3475 non
172 3407 272 3473 autem
287 3419 405 3493 postea,
423 3409 479 3471 nisi
500 3409 575 3470 forte
591 3408 663 3470 talos
676 3418 777 3470 essent
790 3410 1021 3473 circumstantiae
1036 3419 1067 3475 ut

94 3503 143 3564 rix
167 3501 245 3562 intra
257 3501 421 3562 triennium
436 3498 604 3580 potuissent
616 3498 779 3559 reclamare
794 3515 803 3558 a
819 3517 855 3560 ex
870 3516 937 3578 cap.
953 3499 991 3561 st
1002 3503 1067 3582 quis

95 3590 272 3670 incognitus,
288 3607 379 3651 causa
394 3593 441 3660 l'l,
457 3607 488 3669 q.
504 3591 535 3648 Ξ.
551 3585 633 3664 (vide
646 3585 763 3662 Iastit„
775 3587 810 3646 R.
827 3586 864 3646 de
880 3588 934 3664 M„
946 3593 1019 3654 inm.
1036 3595 1065 3669 R,
