2522 4028
434 195 522 243 uaea
540 193 657 242 carnus.
976 175 1035 237 tls

64 321 79 360 a
105 298 175 374 ric,
187 301 259 373 cto,
270 303 304 360 ut
318 295 420 358 nullus
434 294 574 358 sacerdos
585 292 714 355 feminas
728 289 767 354 de
784 288 896 373 quibus
905 290 1037 372 suspicio

62 409 78 447 a
103 405 170 449 esse
184 391 282 468 potest
295 385 422 448 retineat
438 404 445 446 ε
461 383 512 446 sed
529 401 619 464 reque
636 381 706 442 illas
719 400 792 463 quea
804 399 924 442 canones
936 398 1037 443 coace-

60 497 76 534 r
101 473 186 550 duat,
202 481 346 546 matrem,
363 473 486 536 amitam
500 478 531 535 et
543 488 718 534 sororem.»

105 577 195 637 2097.
213 607 252 622 -
264 579 297 636 4⁰
320 576 389 638 Non
407 572 605 657 prohibentur
623 569 746 648 clerici,
766 570 858 632 etiam
884 575 1040 634 extraneas

62 664 194 727 lominus
207 663 264 725 sibi
278 681 444 741 assumere,
459 661 551 724 modd
569 661 629 722 sint
647 659 842 742 provectioris
856 658 969 736 relatis,
985 659 1040 722 ho·

66 759 161 816 neslae
167 750 256 814 lamae
263 758 294 814 et
302 759 385 814 extre
394 751 608 833 suspicionem.
618 750 673 810 Est
680 747 763 810 enim
773 747 944 809 communis
952 748 1041 810 inler-

66 841 195 923 pretatio
209 840 372 903 Decretelis
385 838 609 912 Innocentiilll,
621 836 704 919 qudd
714 834 899 898 renovaverit
912 835 1041 919 discipli-

68 947 141 992 nam
156 928 298 992 aConcil.
314 930 439 992 Nicaeno
452 935 592 991 statutam
605 945 613 987 :
628 927 750 1008 porrdi
771 923 904 986 Concilio
919 926 1041 990 Nicaeno

66 1018 251 1100 permissum
264 1024 310 1080 est
323 1018 439 1080 clericis
447 1023 480 1080 ul
488 1012 1041 1099 mulierespossiulsecunrhabereque

66 1108 260 1190 auspiciorum
273 1108 426 1190 effuqicnt.
443 1107 543 1188 Ergo,
560 1112 617 1166 etc.

109 1208 198 1268 2098.
221 1205 344 1278 Quaerit.
363 1208 393 1266 {⁰
406 1203 498 1280 Cujus
511 1201 605 1264 aelatis
614 1218 679 1264 esse
688 1199 817 1264 debeant
830 1199 946 1264 ancillae
957 1199 1042 1262 oleri-

67 1311 177 1357 oorum
204 1294 276 1376 ipsis
303 1291 571 1374 consanguinitatis
597 1295 651 1353 eut
672 1289 824 1352 affinitatis
840 1289 961 1352 vinculo
981 1308 1043 1352 non

68 1383 267 1462 conjuncte?

112 1485 203 1565 Resp.
218 1483 251 1545 ld
264 1486 281 1546 t
294 1485 361 1563 iure
374 1481 531 1546 communi
545 1499 607 1544 non
621 1481 714 1544 fuisse
727 1480 937 1544 mathematice
950 1482 1046 1546 deler-

69 1574 239 1648 minatum;
261 1573 342 1636 unde
360 1580 405 1636 est
427 1573 459 1633 in
479 1572 538 1634 hoc
557 1569 773 1633 recurrendum
795 1572 840 1632 vel
858 1570 897 1632 ad
917 1572 1045 1654 propriae

69 1661 211 1724 dioeoesis
233 1668 359 1738 statuta,
380 1661 425 1724 vel
446 1661 484 1722 ad
505 1659 841 1723 consuetudinem-ln
856 1659 913 1722 hdo
926 1659 1046 1722 dioecesi

70 1750 299 1826 Valentinensi‚
322 1752 387 1831 ipso
415 1749 514 1826 facto,
539 1747 765 1832 suspenduntur
787 1747 886 1811 clerici
905 1749 937 1810 in
956 1749 1046 1810 sacris

70 1839 240 1915 constituti,
256 1841 308 1920 qui
324 1857 395 1901 cum
410 1839 518 1901 ancille
533 1838 670 1901 nondum
688 1842 729 1900 lll
748 1855 863 1900 annum
877 1840 1045 1920 complente

72 1927 264 2005 cohabitent,
286 1933 399 2006 matre,
424 1945 547 2006 sorore,
571 1929 682 2005 amitt,
703 1935 792 2009 nepte
813 1929 956 2010 exeeptis.
978 1927 1045 2006 (Or-

73 2015 178 2092 ἅρπη,
189 2036 221 2097 p.
238 2020 276 2079 ro
289 2023 319 2080 cr
332 2021 410 2095 aas,
425 2019 481 2096 er.)

117 2119 206 2178 2099.
231 2117 352 2188 Quaerit.
368 2120 399 2178 2⁰
416 2119 462 2178 An
485 2117 578 2198 possit
598 2115 763 2198 Episcopus
777 2115 936 2198 prohibere
949 2135 988 2179 ne
1002 2117 1046 2180 sui

74 2203 180 2266 clerici
193 2223 265 2268 oum
278 2204 340 2267 ulla
349 2203 463 2268 semina
476 2205 601 2268 omnino
614 2204 805 2267 cohabitent?

116 2315 207 2394 ltesp.
223 2311 363 2394 Negative
375 2332 383 2387 ;
394 2309 613 2392 quiaEpisoopi
628 2327 689 2371 non
703 2315 828 2388 possunt
842 2307 946 2372 tollere
956 2309 1049 2373 lacul-

72 2409 167 2466 tatem
192 2404 210 2464 a
229 2403 297 2482 iure
319 2399 475 2462 communi
495 2416 681 2461 concessam.
702 2397 780 2459 Hinc
801 2397 942 2478 deceptos
966 2407 1051 2480 putat

76 2489 232 2552 Benedici.
247 2491 313 2552 XIV
327 2489 382 2563 (Dc
395 2487 485 2570 Syre,
501 2487 553 2548 liu.
572 2489 621 2563 ll,
637 2504 703 2566 cap.
719 2491 750 2560 l,
763 2495 795 2546 n⁰
804 2489 833 2562 7)
845 2487 960 2568 aliquot
968 2487 1051 2569 Epis·

74 2597 171 2661 cupos
184 2579 277 2660 quise
288 2577 348 2657 juri
357 2576 511 2639 communi
522 2575 663 2636 institisse
672 2574 878 2636 existimarunt
888 2573 1051 2638 inhibendo

76 2667 215 2744 clericis,
232 2685 271 2728 ne
293 2685 357 2728 cum
374 2665 437 2726 clld
449 2683 571 2747 prorsus
592 2662 719 2745 feminei,
734 2662 803 2724 licet
816 2663 981 2726 arctissimo
994 2663 1050 2727 sibi

76 2755 341 2836 consonpur'nitctis
353 2773 431 2816 nexu
445 2753 603 2830 obstricto,
617 2751 829 2813 cohabitarent.

123 2865 227 2924 «Non
254 2867 412 2943 propterea
431 2867 547 2935 tamen,
570 2859 666 2941 pergit
685 2858 877 2922 doctissimus
898 2861 1050 2944 Pontifex,

77 2975 93 3011 r
119 2949 664 3030 constitutionemimprobamuS,qut
673 2947 838 3030 Episcopus
848 2967 971 3013 omnem
981 2973 1051 3018 eum

77 3063 94 3100 r
120 3038 300 3102 mulieribus
318 3035 567 3099 cohabitationem
587 3036 703 3098 clericis
717 3036 892 3116 interdicat,
909 3041 965 3102 nisi
990 3042 1051 3123 ipse

78 3150 95 3186 r
121 3127 206 3209 priirs
225 3125 401 3188 earumdem
423 3123 614 3206 qualitatibus
636 3124 831 3202 examinatis,
855 3127 937 3190 illam
964 3135 1051 3210 pravi

78 3238 95 3276 r
120 3214 294 3296 suspicione
313 3231 419 3276 vacere
439 3213 660 3294 compererit.»
678 3213 732 3290 (Dc
745 3212 836 3294 Syn,
858 3214 912 3290 ib.,
927 3217 978 3279 ubi
994 3220 1052 3301 legi

79 3309 181 3386 polest
201 3305 350 3365 statutum
371 3304 403 3364 S.
423 3303 518 3364 Caroli
536 3303 695 3364 Borromaei
718 3303 750 3363 in
771 3302 877 3364 eodem
897 3323 987 3369 sensu
1000 3354 1009 3386 ,
1023 3314 1052 3372 et

80 3390 158 3474 quid
183 3389 307 3472 ipsemet
324 3389 502 3453 Benedictus
513 3391 579 3452 XlV
602 3391 736 3453 statuerit
752 3390 827 3453 dum
850 3398 928 3454 essct
951 3393 1051 3458 Bono-

81 3479 198 3542 niensis
215 3477 437 3559 Archipraesul.)

123 3572 230 3646 Quoad
244 3590 350 3654 poenas
363 3573 437 3636 lates
449 3579 553 3636 contra
567 3572 692 3637 clericos
705 3589 776 3636 oum
790 3571 965 3636 mulieribus
978 3593 1047 3637 con-
