2522 4028
205 244 264 305 291
423 259 559 304 canulro
578 259 679 305 rcrms
698 260 780 306 scats
801 260 948 306 circulor.

203 382 219 421 ι
243 365 277 422 ut
288 360 404 422 crimen
419 361 455 422 sit
470 358 685 441 qualificatum
698 366 731 422 ut
741 360 873 436 haeresis,
884 358 1091 442 parricidium,
1104 365 1182 434 111.ἱ

203 471 219 509 r
242 449 287 510 vel
302 450 530 519 continuatum,
551 457 585 510 ut
605 449 832 510 concubinatus.
848 470 864 508 a
881 449 964 509 ldem
991 449 1112 528 exigere
1136 445 1184 508 ri·

204 537 314 600 dentur
328 539 475 608 Ferraria.
486 551 517 600 v⁰
527 537 755 618 Imeyulcritas,
774 547 806 598 n·
820 541 869 614 tt,
884 537 993 606 Serto:
1008 545 1038 598 et
1057 535 1185 611 Devoti;

185 692 187 700 ,
205 635 373 690 ——econtra
383 627 587 701 Reiffenstuel
601 627 652 688 lib.
664 631 693 694 9.
706 629 750 688 tit.
763 631 813 702 20,
828 627 868 689 n¹·
878 631 913 689 31
926 630 1011 702 1136;
1023 627 1186 706 Lequeux,

181 713 185 772 1
206 725 240 777 n·
253 720 323 794 teo,
335 723 441 798 putant
454 715 609 777 infamiam
623 715 694 779 oriri
708 735 797 798 posse
809 735 846 778 ex
860 715 942 778 omni
959 723 1080 796 pectam
1095 731 1188 774 mor·

207 805 277 880 tali;
293 808 386 867 citant
398 825 464 885 cap.
481 804 535 868 Illi
547 804 600 886 qai
608 807 645 878 6,
663 825 693 886 q.
716 808 749 866 t:
765 805 846 885 quod
861 807 962 866 reveri
977 803 1006 864 id
1020 803 1124 866 dicere
1137 803 1188 862 ri-

206 893 383 955 detur.Vide
398 893 640 974 insuperccllet‚
655 893 721 956 loco
736 894 938 974 supracitato.

252 1004 267 1040 «
287 984 368 1044 luris
386 981 540 1062 (infamia,
556 983 654 1064 pergit
668 984 698 1044 S.
723 983 859 1062 Lignor.‚
879 981 967 1061 ibid.)
985 979 1112 1042 habetur
1128 999 1191 1062 per

209 1095 224 1130 1
249 1070 468 1132 consessionem
483 1072 537 1146 rei,
553 1072 598 1134 vel
614 1091 667 1154 per
681 1071 859 1133 senteutiam
871 1070 992 1150 judicis,
1008 1069 1113 1132 saltem
1128 1069 1190 1130 cri·

210 1182 225 1218 c
250 1159 340 1221 minis
354 1158 592 1221 declaratoriam.

251 1251 339 1310 1916.
355 1269 371 1307 r
388 1249 521 1310 Crimina
535 1255 648 1327 auem,
663 1251 773 1331 quibus
786 1249 825 1311 de
842 1251 909 1330 jure
925 1267 1040 1312 annexa
1055 1246 1191 1308 catinia-

211 1362 226 1398 n
250 1337 326 1410 mia,
343 1343 414 1399 sunt
429 1357 436 1399 ε
453 1337 661 1408 homicidium,
685 1339 849 1420 perjurium
874 1339 987 1401 tactum
1015 1335 1188 1415 injudicio,

211 1450 226 1486 o
251 1425 397 1503 haeresis,
421 1427 570 1503 simonio,
589 1426 743 1500 sodomia,
760 1428 875 1490 crimen
897 1427 976 1489 laesae
996 1427 1188 1504 majestatis,

212 1537 227 1574 1
252 1514 450 1592 adulterium,
470 1514 614 1596 proditio.
635 1517 758 1597 rapina,
785 1516 987 1591 lenocinium,
1007 1513 1189 1576 exercitium

213 1629 228 1664 u
252 1623 432 1679 usurarum,
449 1603 561 1666 invasio
574 1604 774 1666 Cardinalium
795 1606 839 1666 vel
856 1606 1071 1687 Episcoporum
1089 1621 1097 1662 ι
1112 1603 1190 1664 item

212 1717 227 1754 a
252 1703 355 1776 raptus
368 1693 529 1756 mulierum
544 1711 598 1755 seu
616 1694 653 1755 ad
667 1693 750 1756 illum
767 1694 948 1776 cooperatio
963 1692 1098 1754 duellum
1112 1695 1188 1766 tnou

214 1786 370 1844 utentum
396 1782 564 1844 duellantes
592 1783 644 1843 sed
671 1783 805 1864 ipsorum
835 1783 964 1865 patrini,
993 1800 1031 1843 ex
1052 1781 1189 1843 Concilio

215 1895 228 1930 a
253 1871 349 1946 Trid,
371 1887 444 1932 sess.
465 1873 522 1946 95,
538 1887 604 1952 cap.
630 1874 694 1949 19),
711 1873 826 1954 paratio
840 1889 995 1933 armorum
1009 1878 1114 1932 contra
1134 1889 1188 1951 pa-

215 1985 229 2019 »
253 1967 365 2036 rentes,
381 1967 451 2034 etc.;
467 1981 482 2016 u
500 1957 629 2022 addictio
642 1960 680 2022 ad
701 1961 907 2041 poenitentiam
926 1959 1089 2042 publicam.
1113 1959 1187 2041 Cap.

216 2049 376 2118 Maritum.
394 2047 463 2110 dist.
480 2051 529 2110 33.

256 2150 344 2209 tarr.
364 2166 380 2204 c
396 2147 470 2207 ltem
484 2147 659 2208 exercitium
675 2147 828 2209 histrionis
841 2165 912 2210 cum
925 2145 1064 2228 turpibus
1078 2165 1189 2228 reprae-

217 2259 231 2295 a
252 2234 490 2311 cantationibus,
510 2235 550 2296 ita
569 2243 677 2297 utnon
693 2235 745 2297 1111
758 2237 823 2298 sine
837 2245 959 2318 peccato
973 2234 1107 2304 mortali,·
1128 2254 1190 2297 non

96 2317 100 2331 '
123 2313 139 2336 ’
217 2347 232 2384 »
256 2332 357 2386 cutem
376 2323 589 2400 Macellatoris,
615 2325 801 2402 Carnificis¹,
816 2325 942 2387 Lictoris
964 2335 993 2386 et
1009 2324 1116 2386 similis
1136 2343 1190 2405 gc·

217 2437 232 2472 a
258 2413 354 2490 neris,
369 2413 440 2475 ciam
462 2412 527 2474 haec
542 2412 640 2475 officia
653 2413 730 2475 bene
746 2413 876 2477 exerceri
892 2421 1019 2496 possunt
1032 2413 1098 2475 sine
1119 2432 1190 2494 pec.-

217 2525 232 2562 a
257 2510 334 2565 cato.
358 2523 373 2560 a
399 2503 441 2562 lta
460 2502 491 2563 S.
516 2501 637 2583 Liguor.
660 2503 737 2580 (loco
758 2504 869 2581 citato).
891 2503 996 2564 Plures
1017 2510 1119 2563 tamen
1141 2503 1189 2563 alii

219 2609 305 2655 secus
328 2592 462 2653 sentiunt
479 2609 488 2651 ι
503 2591 570 2653 vide
585 2591 716 2653 Ferraria
736 2593 776 2668 (νο
790 2591 1020 2673 immolantes,
1036 2599 1070 2651 n⁰
1095 2595 1143 2663 te,
1160 2591 1190 2651 in

219 2683 300 2758 linc).
317 2680 375 2743 Sed
388 2680 426 2742 ab
438 2679 474 2741 iis
487 2680 565 2743 sicut
577 2679 615 2741 ab
629 2679 727 2742 officio
742 2679 980 2742 tabernariorum
996 2699 1027 2741 se
1041 2678 1191 2740 abstinere

220 2769 330 2832 debent
342 2769 460 2846 clerici;
476 2770 537 2832 etsi
552 2787 614 2830 non
624 2769 778 2846 desistant,
794 2772 879 2831 tertio
894 2769 1059 2850 montoso
1074 2771 1099 2831 si
1115 2788 1192 2830 reas·

220 2865 350 2928 sumant.
365 2860 554 2940 privilegium
569 2859 706 2921 clericale
719 2859 869 2928 amittunt,
884 2877 922 2919 ex
936 2877 1001 2940 cap.
1016 2858 1191 2920 Dioecescnis

220 2951 249 3019 t,
265 2947 317 3008 lib.
333 2953 352 3008 3
367 2947 512 3010 Clement.
524 2949 599 3009 Vide
614 2947 693 3010 dicta
706 2966 795 3028 supra
810 2950 922 3026 (1686).

261 3048 348 3108 1919.
374 3047 489 3108 lucurri
508 3053 605 3127 potest
626 3045 691 3109 haec
719 3045 921 3127 irregularitas
947 3047 1038 3108 etiarn
1060 3045 1101 3108 cb
1121 3045 1193 3108 inia-

220 3133 313 3196 miam
336 3133 469 3206 ulterius,
488 3142 606 3214 «prout
621 3134 780 3196 incurrunt
803 3133 853 3195 tilii
873 3152 979 3196 eorum
994 3135 1045 3216 qui
1060 3134 1191 3197 damuati

221 3244 236 3284 r
260 3229 331 3285 sunt
344 3222 384 3284 cb
397 3222 540 3297 delictum
552 3222 628 3284 laesae
644 3225 816 3303 majestatis,
832 3223 885 3284 titii
901 3224 961 3284 nati
976 3243 1013 3286 ex
1025 3231 1120 3286 matre
1134 3243 1193 3286 mc·

222 3334 236 3371 a
261 3313 418 3384 retrice...,
429 3311 481 3371 tilii
498 3311 707 3373 haereticorum
718 3313 796 3390 (licet
806 3313 863 3373 lrcc
879 3319 968 3393 neget
978 3313 1102 3387 Vicae„
1118 3314 1194 3375 sicut

222 3423 237 3460 a
262 3407 352 3480 negat
364 3400 456 3460 etiam
465 3399 503 3460 de
518 3399 585 3460 tiliis
599 3400 991 3480 111131111111111),11111111
1004 3409 1129 3482 nepotes
1141 3421 1194 3482 per

254 3584 263 3614 ⁸
275 3580 355 3630 liores
363 3581 441 3632 nostri
453 3597 500 3631 non
509 3583 656 3632 sinerentad
665 3587 765 3634 ordines
773 3583 870 3634 admitti
878 3581 1074 3645 carnifices350d
1083 3581 1193 3648 aliunde,

225 3667 254 3722 er
265 3651 363 3704 delectu
375 3650 482 3706 lenitatis
494 3660 551 3704 runt
562 3653 718 3716 irregulares.
