2534 3996
159 181 218 240 344
376 197 515 246 annuam
533 197 635 246 ranas
654 196 736 246 rums
755 193 904 244 ornamur.

547 337 701 432 raucam
720 369 765 428 ιιι

191 505 229 553 ΒΕ
249 505 321 555 JURB
341 505 469 553 uersuum
490 507 586 560 ouant>
607 503 864 554 couuffluarrottus
884 501 1092 552 cremamus.

199 646 287 707 2298.
311 645 355 705 De
377 643 661 725 congregationibus
683 641 902 724 capitularibus
922 641 967 704 sic
992 639 1132 702 decernit

159 732 271 794 Concil.
288 730 420 794 Trident.
437 739 520 809 tscss.
532 736 582 810 23,
593 751 622 795 c.
637 733 691 811 o):
707 731 791 804 «Oui
805 732 829 793 si
844 728 956 811 aliquid
971 727 1132 792 canonicis

159 841 174 878 n
199 819 237 882 ad
250 819 480 883 deliberandum
496 829 676 903 proponant,
692 839 749 884 nec
762 821 800 882 de
813 817 892 882 read
902 835 992 882 suum
1005 817 1050 879 ael
1062 835 1132 881 suo-

159 930 174 968 ιι
199 927 267 972 ιυιιι
289 907 483 972 commodum
497 917 649 992 spectante
663 917 788 991 agatur,
810 908 949 990 Episcopi
970 907 1026 988 ipsi
1041 906 1130 988 Capi·

159 998 296 1062 stolum
329 1006 514 1077 convocent,
538 1007 606 1062 vota
626 999 804 1081 exquirant,
833 1005 863 1059 et
886 997 970 1076 juxta
992 1013 1028 1057 ea
1054 1013 1131 1058 corr·

161 1107 175 1144 u
201 1087 334 1148 cludant.
351 1110 366 1146 o
436 1137 443 1151 ,
1016 1081 1021 1090 ’

199 1175 244 1236 Ex
264 1177 373 1256 quibus
392 1178 491 1240 verbis
508 1183 589 1259 patet
607 1178 790 1259 Episcopum
806 1177 857 1256 jus
874 1173 999 1256 quidem
1016 1173 1131 1239 habere

160 1265 342 1327 conlocandi
358 1267 538 1348 Capitulum,
549 1268 674 1348 eiusque
687 1264 910 1346 congregationi
920 1265 1129 1344 interessendi,

161 1354 251 1416 modd
273 1373 333 1416 non
357 1366 461 1438 agatur
480 1355 518 1418 de
540 1356 631 1418 rebus
651 1373 740 1417 suum
763 1363 814 1416 aut
835 1371 960 1416 suorum
985 1353 1131 1418 interesse

161 1443 388 1524 respicientibus
405 1467 411 1505 :
428 1445 505 1506 inter
522 1463 597 1525 quas
610 1443 777 1524 computari
793 1461 852 1505 non
867 1442 978 1504 rlclrcnt
995 1461 1062 1523 quac
1078 1443 1130 1504 ui-

160 1533 303 1611 gnitatem
319 1532 708 1614 Episcopalemrespiciunt.
725 1535 778 1594 Est
787 1533 933 1594 sententia
943 1532 1128 1596 communis.

161 1624 340 1684 Noo'tamen
353 1625 403 1700 jus
417 1623 505 1684 habet
519 1623 683 1703 Episcopus
697 1630 799 1684 votum
812 1621 968 1682 omittendi
985 1621 1064 1683 circa
1080 1642 1132 1684 ne-

160 1711 239 1790 gotia
261 1713 396 1792 Capitalo
411 1712 559 1792 proposita
574 1757 581 1781 ,
596 1717 649 1772 aut
667 1708 823 1771 decidendi
843 1727 911 1791 quac
931 1709 969 1772 ab
992 1709 1043 1772 illo
1067 1729 1130 1774 oon

160 1799 282 1860 suerunt
296 1801 435 1861 resoluta.
456 1798 530 1859 Vide
544 1799 711 1860 decisuma
729 1800 759 1859 S.
775 1800 808 1859 G.
824 1799 916 1860 Gorrc.
935 1797 993 1879 lap.
1011 1799 1129 1880 Bouix,

161 1886 204 1948 Dc
220 1887 335 1967 Capit„
352 1906 382 1968 p.
398 1889 479 1962 285).
500 1909 515 1945 a
529 1887 585 1950 Ubi
600 1896 700 1948 antem
714 1889 811 1967 agitur
823 1886 862 1947 de
876 1904 930 1948 suo
944 1886 989 1946 rel
1003 1905 1130 1952 suorum

160 1995 175 2035 r
200 1974 372 2052 commoda,
393 1975 587 2057 (EpiscopuS,
604 1975 648 2036 rel
663 1975 799 2036 Vicarius
813 1976 887 2054 ejus)
904 1974 992 2036 debet
1004 1977 1086 2038 exire
1099 1985 1132 2040 et

161 2085 175 2124 o
200 2065 370 2145 relinquere
384 2065 587 2127 Canonicos...
604 2065 692 2133 solos,
706 2073 739 2126 ut
753 2064 806 2145 ipsi
825 2064 918 2126 libere
931 2062 1090 2126 discutiant
1100 2075 1132 2129 et

159 2174 175 2212 n
200 2152 436 2216 determinent...
451 2175 467 2212 n
485 2155 635 2231 Femaris,
650 2162 680 2213 ι0
696 2152 887 2236 Capitulum,
903 2161 959 2215 art.
975 2156 1010 2224 l,
1029 2163 1062 2215 ιιο
1076 2159 1128 2235 20,

161 2247 218 2304 eto.

200 2331 322 2394 Scotusa
335 2339 434 2396 aulem
450 2331 667 2396 consuetudine
682 2339 734 2395 aut
747 2330 903 2414 privilegio
920 2329 1061 2413 speciali,
1079 2335 1131 2413 jus

160 2438 221 2482 non
237 2420 326 2482 habet
340 2423 504 2503 Episcopus
519 2423 713 2484 interessendi
728 2421 953 2503 capitulisque
970 2439 1030 2482 non
1047 2422 1128 2504 ipse,

160 2509 211 2570 sed
226 2510 366 2572 Canonici
382 2529 435 2592 pro
452 2511 578 2592 negotiis
591 2511 806 2591 capitularibus
819 2516 995 2573 convocant.
1013 2509 1128 2587 Bouix,

161 2597 233 2660 ibid.
252 2599 326 2660 Vide
344 2600 433 2661 etiam
447 2599 595 2672 Ferasiis,
613 2598 700 2675 ibid,
718 2611 751 2661 ιιο
767 2604 815 2662 lt.

198 2692 287 2751 2299.
309 2691 382 2752 Jura
396 2689 515 2770 prefata
532 2688 696 2771 Episcopus
707 2707 847 2752 exercerc
857 2686 962 2770 nequit
975 2707 1029 2771 per
1044 2689 1131 2754 Vica-

159 2775 238 2839 rium
254 2778 410 2858 (Trident,
421 2797 493 2841 sess.
510 2783 560 2853 25,
572 2796 599 2841 c.
616 2783 650 2850 6,
661 2778 696 2840 de
711 2779 844 2860 resona.)
856 2797 864 2838 τ
877 2779 957 2840 unde
971 2779 1002 2840 S.
1014 2779 1127 2862 Gongr.

160 2865 265 2943 Cana,
277 2866 306 2928 in
318 2867 476 2944 Amerini,
492 2871 529 2929 El
541 2869 605 2945 jan.
623 2872 711 2942 lulli,
722 2866 876 2949 respondit
889 2867 1057 2930 Canoniccs
1071 2890 1129 2930 aron

161 2956 253 3016 terreri
267 2954 423 3016 admittere
446 2955 592 3016 Vicoriam
607 2956 760 3038 Episcopi.
776 2955 927 3035 Sedjuxta
940 2956 1072 3018 Ferraria
1087 2959 1128 3038 lv·

161 3043 355 3125 Capitulum,
370 3051 425 3106 art.
443 3047 456 3106 l
472 3089 480 3119 ,
497 3055 531 3104 n⁰
546 3048 593 3122 ltl,
610 3045 660 3107 uiri
676 3044 834 3127 pluresalii
848 3051 984 3106 auctores
998 3046 1130 3110 citantur

159 3131 239 3193 idem
253 3132 445 3210 sentientes),
468 3131 525 3194 hoc
544 3132 772 3214 intelligendum
787 3136 903 3196 lantum
924 3133 962 3195 dc
978 3131 1129 3216 Capitulis

160 3220 321 3301 ecempu's;
334 3227 364 3282 et
377 3219 433 3282 hoc
446 3221 556 3302 pariter
578 3226 681 3284 asserit
695 3232 798 3284 auctor
813 3221 951 3288 Proelact.
969 3224 1001 3285 S.
1022 3222 1128 3306 Sulpi-

161 3309 209 3382 tii,
226 3317 258 3368 ιιο
273 3311 341 3372 387.
357 3343 397 3355 —-
411 3309 513 3382 Quoad
523 3312 593 3374 verd
607 3319 712 3373 castere
725 3311 872 3393 Capitale,
891 3328 951 3372 nex
965 3311 1032 3390 jure
1045 3331 1129 3375 com-

160 3417 175 3454 u
199 3399 283 3458 muni
298 3399 454 3477 (Vicarius)
470 3408 564 3480 potest
587 3400 755 3482 Capitulum
770 3417 935 3462 convocare
947 3445 956 3474 ,
969 3399 1049 3478 justit
1062 3401 1141 3464 cxi-·

160 3507 175 3543 n
200 3495 287 3566 gente
295 3489 432 3564 causalo
444 3489 697 3571 iisnegotiisinqu
711 3489 778 3566 bus,
787 3489 871 3569 juxta
880 3506 950 3550 suas
961 3487 1126 3570 facultates,

162 3597 175 3636 u
197 3575 290 3654 judcx
310 3593 374 3639 csse
396 3585 538 3661 potest,u
559 3578 605 3642 vel
625 3579 729 3642 situlis
749 3585 844 3642 exstet
864 3578 1062 3665 consuetudo.
1081 3581 1126 3645 lta
