2522 4028
210 219 269 284 219
428 239 562 286 umnam
582 239 682 286 rouus
701 239 784 286 auara
804 238 953 286 ememor.

210 333 264 394 etsi
279 331 428 397 invalide:
451 354 518 418 cap.
541 341 567 398 A
593 337 690 408 nobis,
708 335 790 412 ult,
813 334 848 398 de
868 335 1025 418 81999911,
1048 342 1189 418 quamvis

211 440 273 484 999
289 424 471 504 cognoverit.
488 423 564 487 Vide
583 425 614 488 S.
631 425 768 506 Ligunr„
787 423 840 486 lib.
858 428 899 503 7,
920 433 954 486 9ο
967 427 1026 486 131
1042 445 1052 502 ;
1069 429 1189 510 Collet,

211 529 259 593 ap.
278 510 364 574 Cura.
381 512 499 594 compl,
511 521 587 575 tom.
604 518 641 576 l7
652 561 660 591 ,
671 513 730 576 ool.
742 516 812 587 238,
824 516 868 574 3⁰.

255 603 343 664 1897.
366 600 516 664 Secundus
534 601 644 680 modus,
659 601 782 682 quando
796 603 865 682 quis
878 599 961 664 duait
974 602 1137 666 mulierem
1153 607 1193 669 ab

211 687 270 750 alio
283 695 471 770 corruptam,
488 689 541 752 etsi
552 691 631 753 bona
645 689 704 752 tide
719 698 851 772 putasset
864 690 1023 772 virginem,
1038 701 1193 775 9199999-

212 777 255 840 vis
269 779 332 860 ipse
346 797 413 840 eam
428 797 490 840 999
505 779 689 860 cognoverit.
707 781 750 840 lta
769 779 942 841 communis
954 786 985 841 et
996 781 1095 843 verior
1113 801 1192 845 sen-

211 867 314 942 tentia,
330 867 456 946 juxlaS.
473 867 593 949 Liguor.
617 867 680 941 (lib.
694 914 703 946 ,
718 872 758 944 7,
775 879 809 928 9ο
822 869 892 944 139)
911 885 968 928 :ex
981 887 1045 950 cap.
1063 870 1190 949 ultimo,

211 953 280 1016 dist.
303 959 354 1016 51.
377 955 469 1018 Seous
484 963 563 1018 esset
584 957 691 1038 siquis
709 955 835 1019 duceret
848 955 1006 1019 mulierem
1022 961 1040 1019 e
1053 977 1086 1022 se
1099 963 1190 1041 prius

212 1043 375 1124 cognitam.
391 1045 422 1106 S.
438 1045 574 1126 Liguor,
589 1044 643 1119 it,
661 1054 693 1106 9ο
707 1049 778 1108 138.

253 1131 487 1196 controvertitur
501 1151 539 1194 an
555 1134 592 1194 sit
610 1133 784 1216 irregularis
805 1152 840 1195 eu
860 1131 990 1214 bigamid
1008 1134 1192 1218 interpreta-

214 1219 281 1293 tiva,
292 1221 344 1302 qui
358 1240 429 1284 oum
439 1227 581 1305 eorrupit
591 1222 719 1286 invalide
732 1221 880 1286 contrahit
896 1241 903 1282 :
919 1223 1097 1286 sententiam
1108 1227 1193 1288 affir-

213 1315 346 1371 mantem
359 1311 495 1392 sequitur
509 1313 539 1374 S.
556 1312 692 1392 Liguor,
708 1311 759 1373 lib.
776 1315 811 1387 7,
827 1315 944 1373 9110.

256 1401 343 1462 1898.
371 1399 489 1462 Tertius
510 1400 610 1463 rnodm
631 1407 699 1478 est,
723 1399 845 1482 quando
859 1400 945 1482 quis,
960 1400 1049 1463 etiam
1065 1403 1193 1484 penitius

214 1485 371 1566 ignorans,
401 1489 556 1571 cognoscit
584 1507 710 1552 uxorem
740 1495 901 1571 postquam
924 1489 974 1552 illa
1005 1490 1192 1556 adulterium

214 1577 416 1640 commiserit:
432 1597 467 1642 ex
489 1598 555 1662 cap.
571 1577 610 1641 Si
623 1578 707 1660 cujus
721 1581 769 1650 ll,
786 1586 816 1639 et
828 1595 895 1660 cap.
911 1578 950 1640 Si
964 1577 1036 1641 laici
1050 1584 1098 1648 19,
1114 1581 1189 1644 dist.
1252 1638 1253 1641 ,

215 1667 252 1727 31
269 1668 347 1729 :etsi
366 1667 548 1730 adulterium
567 1667 657 1730 luerit
674 1667 826 1729 oecultum
842 1673 872 1728 91
884 1665 1076 1730 solummodo
1092 1679 1192 1734 mate-

216 1755 303 1826 riale,
320 1763 354 1819 ut
367 1757 471 1819 dieunt
489 1761 616 1830 Toum„
633 1755 729 1828 Elbel,
745 1763 816 1832 eto.;
833 1754 885 1818 sed
899 1755 948 1817 alii
963 1757 1188 1822 contradicunt.
1252 1790 1253 1801 ¹

216 1843 289 1906 Vide
304 1847 335 1906 S.
351 1845 487 1925 Lignum,
502 1845 554 1905 lib.
571 1849 610 1920 7,
627 1853 660 1905 n⁰
673 1849 744 1906 lte.

256 1937 343 1996 1899.
368 1934 495 2008 Quartus
508 1933 606 1994 modus
619 1939 680 2010 est,
694 1932 816 2014 quando
830 1933 899 2014 quis
912 1933 974 1996 duo
988 1935 1140 1998 contrahit
1161 1943 1191 2000 et

216 2029 406 2084 consummat
418 2022 620 2098 matrimonia,
630 2040 726 2086 unum
739 2021 872 2084 validum
886 2029 917 2084 et
930 2023 1058 2086 alterum
1080 2025 1190 2088 invali-

215 2111 288 2173 dum
314 2130 321 2170 :
344 2111 374 2173 id
388 2111 591 2174 communiter
611 2113 674 2172 Dll.
696 2109 852 2173 deducunt
869 2129 906 2172 ex
924 2130 991 2194 cap.
1014 2113 1136 2194 Nuper,
1155 2115 1191 2177 de

216 2199 336 2281 Binum.
346 2199 467 2272 -Quid
479 2199 502 2261 si
517 2199 578 2262 duo
591 2200 783 2261 matrimonia
792 2199 1192 2266 fuissentinvalidai-oou-

216 2289 336 2351 trahens
359 2297 475 2351 essetne
494 2289 689 2370 irregularis?
709 2317 749 2336 -
768 2287 956 2352 Probabililrs
983 2291 1074 2352 talem
1101 2311 1189 2369 esse,

217 2377 269 2439 etsi
286 2377 387 2440 t'uisset
400 2379 487 2441 bonae
502 2377 571 2440 fidei
584 2425 592 2454 ,
607 2383 692 2459 putat
705 2379 736 2440 S.
752 2377 874 2460 Liguor.
893 2397 901 2438 :
917 2397 953 2440 ex
967 2397 1034 2460 cap.
1050 2381 1075 2442 Α
1094 2382 1189 2460 nodis,

216 2466 250 2528 de
272 2467 390 2548 Biyom.
406 2467 519 2530 —Sed
536 2466 708 2549 oppositum
720 2473 826 2528 199991
840 2466 941 2547 plures
953 2467 1034 2550 apud
1049 2469 1190 2532 Salman-

217 2556 281 2633 tio.,
296 2555 517 2638 quiahioousus
527 2573 588 2617 non
603 2556 854 2637 estexpressusin
865 2555 945 2634 jure.
960 2591 998 2602 -
1009 2559 1052 2636 (S.
1063 2558 1188 2640 Liguor.

217 2645 267 2707 lib.
284 2651 324 2722 7,
340 2643 554 2723 99111116.)

257 2739 342 2798 1900.
368 2735 448 2797 Noto
462 2753 498 2796 ex
512 2733 606 2796 Callet
619 2735 712 2810 (Cure.
734 2733 938 2816 eompl.,lom.
956 2736 1010 2808 l7,
1026 2735 1085 2798 col.
1099 2738 1185 2814 258),

217 2824 299 2907 quod
318 2846 333 2883 9
347 2842 496 2904 nusquam
510 2841 547 2886 99
561 2821 752 2885 matrimonio
760 2822 837 2902 juris
851 2825 916 2900 (seu
931 2822 1042 2903 validi),
1057 2835 1108 2888 aut
1120 2825 1187 2888 lacti

217 2935 233 2972 n
257 2916 322 2991 (seu
340 2912 472 2988 invalidi)
492 2912 623 2974 nasoilur
641 2911 772 2992 bigamia
790 2929 858 2972 vera
877 2911 924 2972 vel
944 2911 1185 2994 interpretativa,

218 3025 233 3061 n
259 3003 315 3063 nisi
330 3001 368 3064 ad
388 3001 528 3085 copulam
541 3008 666 3063 ventum
684 2999 738 3075 sit;
761 2998 843 3061 unde
860 3001 912 3080 qui
928 2999 1061 3082 legitimo
1085 3003 1187 3066 matri-

218 3115 233 3150 »
258 3091 361 3153 monio
369 3091 632 3172 aecipitvirginem
646 3107 738 3170 qnam
747 3107 808 3150 non
817 3090 983 3169 cognoscit,
998 3094 1187 3171 919999199-

219 3205 233 3240 u
257 3180 422 3257 191,919911
440 3179 562 3241 alteram
579 3195 672 3259 quam
691 3177 864 3258 cognoscit,
887 3196 948 3239 non
969 3187 1014 3240 est
1028 3179 1186 3261 bigamus3

219 3294 233 3330 n
258 3271 334 3333 siout
348 3287 403 3331 999
417 3267 466 3329 1119
479 3267 531 3348 qui
541 3265 666 3328 duceret
678 3284 803 3328 uxorem
817 3267 950 3343 alterius,
962 3285 1020 3330 neo
1032 3269 1118 3330 abeo
1134 3288 1189 3332 999

220 3383 234 3419 u
258 3359 296 3422 ab
309 3358 368 3420 alio
381 3355 553 3437 cognitam3
568 3357 640 3437 quia
654 3373 711 3417 999
721 3359 783 3437 ipse
793 3403 801 3432 ,
813 3373 869 3418 999
880 3355 948 3433 illa,
962 3375 1087 3419 earnem
1101 3376 1188 3421 suam

219 3472 234 3506 u
258 3447 357 3510 divisit
368 3447 399 3508 in
414 3445 527 3526 plures.
544 3445 616 3526 Cap.
632 3448 671 3518 5,
686 3443 720 3505 de
735 3443 915 3526 1119999111.»

260 3539 346 3598 1901.
370 3532 508 3614 Biennio
527 3531 777 3594 similitudinarie
793 3539 838 3594 est
852 3533 901 3595 illa
921 3552 990 3614 que
1002 3535 1189 3600 contrahitur

220 3644 255 3690 ev
269 3623 462 3684 attentatione
480 3620 677 3700 matrimonii,
692 3622 830 3702 quamvis
842 3621 982 3696 invalidi,
998 3631 1065 3703 post
1083 3634 1188 3686 votum
