2550 3992
408 261 494 308 arara
514 260 659 307 saturnus
969 245 1023 310 ost

58 385 72 422 o
96 361 304 443 delegatione,
329 360 490 424 collatam:
506 359 577 442 quia
599 360 692 423 Sedes
715 361 887 442 Apostolos
907 361 938 424 id
955 362 1030 439 juris

57 473 72 511 a
97 449 152 513 sibi
177 451 268 514 unice
284 451 484 513 reservavit.»
507 451 576 513 lam
598 451 616 511 a
640 458 774 532 tempore
795 449 932 512 Nicolail
952 450 1028 514 banc

57 539 289 602 reservationem
305 537 396 602 luisse
411 537 516 602 laetam
531 544 697 602 constater
711 537 1028 621 Epistolthujusl’on·

56 628 146 691 tilrcis
160 627 198 692 ad
212 629 421 691 Hincmarum.
437 627 560 708 (bened.
577 628 662 705 XlV,
678 625 733 707 tt.)
775 709 776 712 Ἴ

97 729 187 790 3349.
201 760 241 774 -
263 728 300 788 ll.
326 727 455 807 (lapaces
477 731 551 788 sunt
579 724 765 789 Sacramenti
788 725 1031 790 Confirmationis

56 833 164 878 omncs
191 821 220 877 el
242 815 297 877 soli
319 811 456 896 baptizati
485 813 623 878 nondum
649 815 843 894 Conlirmati,
865 816 920 880 etsi
941 834 1030 879 usum

58 904 182 967 rationis
197 922 257 967 non
272 903 415 977 habeant,
432 904 493 965 imb
507 903 560 965 etsi
575 903 633 965 sint
647 906 793 986 perpetua
806 912 962 968 amentes:
979 904 1030 986 qui

57 996 149 1056 etiam
164 994 244 1055 licite
257 991 486 1064 confirmantur,
502 992 637 1074 quamvis
652 1011 705 1074 per
719 992 860 1056 accidens
874 1011 1031 1075 nunquam

58 1083 119 1146 sint
132 1082 326 1164 spiritualiter
340 1083 512 1164 pugnaturi.
528 1083 560 1143 S.
580 1081 717 1163 Lignum,
732 1081 784 1144 lib.
808 1085 850 1160 6,
875 1082 916 1144 n¹·
932 1086 990 1146 l'ltl
1003 1089 1032 1146 et

99 1269 165 1332 Alia
180 1266 308 1332 dicenda
320 1267 359 1332 da
372 1268 508 1349 subiecto
522 1265 763 1332 confirmationis
778 1269 972 1334 int-coluntur
984 1288 1033 1334 su·

59 1378 112 1441 pra
127 1362 296 1438 (98·1-995).
619 1443 623 1452 Δ

99 1467 284 1530 assu-111.
302 1467 348 1528 dn
361 1463 400 1528 sit
412 1463 555 1546 obligatio
568 1464 626 1528 sub
634 1464 716 1547 gravi
730 1463 914 1548 suscipiendi
927 1467 1027 1530 Sacra·

60 1565 199 1618 mentum
214 1553 486 1618 confirmationis?

100 1655 192 1736 Resp.
208 1655 329 1716 Certum
343 1659 388 1716 est
401 1670 466 1715 esse
479 1671 567 1734 grave
581 1656 749 1736 peccatum,
762 1653 787 1715 si
798 1669 860 1719 non
874 1653 1034 1735 recipiatur

62 1763 98 1807 ex
111 1748 290 1824 contemptu
304 1741 441 1814 formali,
456 1743 503 1803 vel
517 1760 587 1805 cum
602 1741 744 1804 scandalo
757 1789 764 1818 ,
778 1741 825 1803 rel
845 1759 915 1804 cum
930 1742 1034 1804 intima

63 1832 258 1915 persuasione
279 1831 334 1892 sibi
355 1831 535 1910 imminere,
558 1831 672 1913 absque
693 1833 744 1908 ett,
762 1849 851 1912 grave
865 1831 1034 1912 periculum

64 1921 184 1984 labendi
200 1921 230 1982 in
244 1927 401 2003 peccatum
415 1920 540 1982 mortale
558 1927 609 1983 aut
629 1919 723 1982 tidem
736 1919 902 1982 amittendi.
919 1923 972 1983 His
985 1939 1036 1984 au·

64 2018 122 2074 tem
139 2008 372 2072 circumstantiis
385 2009 529 2090 exceptis,
541 2015 657 2072 certum
671 2016 715 2071 est
729 2009 828 2071 adbuc
841 2010 945 2072 adesse
958 2011 1034 2072 obli·

64 2101 236 2182 gotionem,
251 2099 356 2160 saltem
371 2097 427 2160 sub
442 2095 508 2168 levi,
523 2097 582 2162 boc
601 2100 831 2162 Sacramentum
846 2099 1008 2181 recipiendi
1024 2121 1033 2177 ;

64 2190 115 2252 sed
138 2189 368 2252 controvertitur
385 2205 425 2249 an
447 2186 513 2250 baec
534 2187 676 2269 obligatio
699 2189 737 2250 sit
760 2188 816 2250 sub
838 2189 940 2269 gravi,
963 2193 1034 2253 cirm

63 2285 287 2340 sacramentum
317 2274 477 2338 commode
510 2284 607 2357 potest
638 2277 731 2359 recipi
759 2295 767 2338 :
794 2279 907 2356 multi,
932 2287 1035 2342 contra

66 2369 176 2430 multos
194 2373 353 2448 negantes,
369 2364 538 2440 atlirmant3
557 2366 755 2447 quaestionem
773 2375 875 2429 autem
896 2367 927 2428 in
945 2385 1034 2432 sensu

64 2456 279 2518 utlirmanlium
297 2453 418 2517 solvisse
439 2451 555 2515 videtur
579 2453 692 2516 Bened.
714 2457 779 2516 Xlll
803 2454 834 2515 in
860 2455 942 2516 Bulla
965 2457 1035 2518 Etst

63 2543 224 2628 prostorulir
239 2591 247 2620 ,
263 2543 334 2621 ubi,
357 2550 517 2626 postquam
532 2541 692 2604 declaravit
713 2560 819 2605 omnes
841 2544 1037 2623 suscipientes

66 2634 332 2696 tlonbrmationem
347 2633 364 2693 9
378 2632 559 2715 presbyteris
573 2631 678 2712 graccis
696 2631 824 2694 intralidd
842 2630 1035 2711 confirmari,

65 2723 102 2786 de
118 2725 155 2786 iis
168 2721 273 2784 addit:
293 2743 309 2780 o
326 2719 469 2783 Monendi
490 2728 560 2783 sunt
577 2721 615 2783 ab
634 2720 799 2783 Ordinariis
817 2720 970 2797 locorum,
985 2740 1038 2786 eos

66 2835 81 2872 o
104 2811 204 2895 prauis
219 2810 333 2894 peccati
346 2818 431 2873 reatu
448 2810 565 2886 teneri,
581 2810 606 2873 si
621 2811 700 2884 (cium
716 2810 840 2892 possint)
859 2809 897 2873 ad
920 2811 1037 2875 Confir-

66 2924 81 2960 o
106 2901 271 2964 mationem
291 2898 434 2961 accedere
448 2904 601 2977 renuunt,
617 2917 651 2961 ac
667 2899 864 2981 negligunt.»
885 2899 982 2974 Unde,
997 2903 1039 2965 ait

66 2992 99 3054 S.
115 2991 252 3070 liguum,
268 2989 414 3051 sententia
428 3005 543 3068 negans
555 3009 570 3048 a
580 2987 669 3049 bodie
684 3007 747 3050 non
760 2988 876 3051 ridetur
889 2989 958 3052 satis
972 3009 1037 3072 pro

66 3078 242 3140 ababiliso
273 3077 335 3156 (lib.
364 3079 400 3155 6,
425 3085 459 3138 nt
488 3079 562 3156 182,
591 3076 624 3137 io
649 3077 780 3156 γῦπε).-
795 3079 838 3140 De
857 3077 1037 3160 obligatione

68 3165 233 3248 recipiendi
260 3165 527 3229 Confirmatiunem
564 3172 634 3228 anto
657 3173 835 3246 tonsuram,
858 3167 926 3230 vide
948 3185 1038 3248 supra

108 3363 195 3424 Circa
209 3369 346 3424 naturam
360 3359 549 3442 obligationis
562 3364 811 3425 caeremoniarum
825 3363 857 3424 in
871 3361 1033 3424 Conlirma·

69 3451 152 3512 tione
175 3449 430 3528 adhibendorum,
448 3456 480 3512 ct
498 3451 578 3513 circa
599 3454 806 3515 necessitatem
826 3450 957 3531 patrini,
971 3449 1039 3514 vide

70 3556 162 3619 supra
172 3542 258 3616 (994,
275 3539 354 3619 995).

110 3645 215 3715 Quoad
228 3647 436 3729 dispositiones
449 3647 607 3730 requisitos
623 3647 656 3710 in
668 3645 861 3712 admittendis
874 3646 913 3709 ad
925 3646 1038 3714 bonta·
