2486 3984
182 187 237 250 136
391 201 531 250 utuntur
552 202 655 251 ror1us
675 203 757 251 sums
776 189 926 253 cruorum:

176 334 192 376 a
216 313 1143 398 tos,srupresnrtestneisruxttturo,oonsitiumrattarnrarr.

214 409 249 470 6⁰
265 427 281 464 s
301 407 503 484 Impedientes
515 407 629 471 directe
645 408 690 470 vol
708 407 852 469 indirecte
868 405 1044 468 exercitium
1057 409 1144 485 iuris·

176 516 191 555 a
214 495 571 562 dictionisacclesiastirae
585 499 646 560 sire
661 497 770 559 interni
786 497 847 558 sive
860 498 973 560 externi
984 495 1054 570 lori,
1069 498 1144 562 etad

176 605 191 644 s
216 584 274 648 hoc
295 597 485 650 recurrentes
506 588 544 650 ad
568 586 667 650 lorum
683 586 840 661 saeculare,
861 586 990 667 eiusque
1005 588 1144 652 mandata

177 697 192 734 r
217 684 423 756 procurantes,
435 677 569 756 edentes,
585 683 636 740 aut
649 677 807 752 auxilium,
821 677 986 740 consilium
1001 678 1046 740 vel
1060 677 1144 743 lero

176 773 480 849 arempraestsnles.

216 859 251 916 ’1ο
269 877 285 914 r
306 857 474 935 fingentes,
487 856 549 920 sive
562 856 676 919 directe
686 858 747 920 sire
761 855 919 930 indirecte,
929 855 1046 940 judiees
1055 857 1146 922 laicos

178 965 193 1002 s
218 942 255 1006 ad
276 943 457 1008 trahendum
482 947 519 1008 ad
534 965 623 1010 suum
645 947 777 1008 tribunal
798 965 942 1028 personas
964 949 1145 1011 ecclesiasti·

179 1055 193 1090 r
217 1051 269 1095 cas
283 1043 390 1112 praeter
407 1037 568 1098 canonicas
588 1037 808 1114 dispositiones.
829 1033 899 1094 ltenr
922 1029 1045 1102 edentes
1066 1039 1146 1117 leges

179 1142 194 1181 n
218 1121 262 1183 vel
277 1123 396 1184 decreta
410 1135 514 1187 contra
529 1125 696 1187 libertatern
707 1132 760 1187 aut
771 1127 838 1203 jura
853 1125 1004 1190 Ecclesia.
1027 1148 1045 1187 a

218 1211 306 1274 Juxta
322 1212 552 1275 instructionem
568 1217 597 1276 S.
616 1213 723 1287 Officii,
741 1218 777 1277 {5
799 1215 867 1292 jun.
895 1219 982 1288 t8t0‚
1003 1216 1083 1281 harre
1095 1237 1147 1282 ex·

180 1302 488 1364 communicationem
500 1310 679 1364 reservatam
695 1322 755 1365 non
773 1302 930 1365 incurrunt
944 1305 1062 1383 judices
1077 1327 1148 1388 prse-

180 1390 240 1451 salo
254 1389 344 1450 modo
358 1390 452 1452 coacti
464 1391 500 1452 ad
516 1391 694 1454 trahendum
708 1392 744 1452 ad
761 1411 850 1454 suunt
865 1393 994 1456 tribuual
1007 1414 1148 1474 personas

180 1477 406 1542 ecclesiasticas.
443 1477 487 1540 td.
504 1475 542 1538 23
555 1481 621 1558 jan.
637 1474 731 1551 taam
744 1474 785 1538 cl.
801 1484 881 1560 App.
900 1476 937 1542 V.

220 1571 253 1634 8·
268 1591 282 1628 ι
303 1571 502 1632 discurrentes
513 1570 549 1631 ad
566 1569 672 1631 laicam
687 1577 874 1648 potestatem,
890 1569 926 1630 ad
942 1569 1148 1642 impediendas

183 1682 196 1718 r
221 1659 332 1722 litteras
347 1661 390 1722 vel
406 1669 470 1724 acta
485 1659 626 1742 qualibet
639 1677 656 1720 a
670 1659 746 1721 Sede
761 1657 931 1738 Apostoliea
946 1661 989 1721 vel
1005 1661 1043 1721 ab
1067 1666 1149 1738 ejus·

184 1773 197 1808 n
222 1749 291 1812 dem
325 1748 431 1829 legatis
460 1758 511 1812 aut
538 1748 683 1828 delegatis
720 1747 966 1830 quibuscumque
999 1753 1149 1830 prolecta,

185 1865 197 1898 r
222 1857 389 1918 eorumque
410 1838 682 1919 promulgationem
697 1837 741 1896 vel
756 1837 965 1899 executionem
979 1839 1092 1904 directe
1107 1845 1150 1906 vel

185 1952 198 1986 n
224 1927 370 1988 indirecte
385 1926 587 2005 prohibentes,
604 1935 656 1990 aut
669 1943 775 1988 eorum
789 1945 879 1988 causa
894 1928 955 1990 sive
970 1929 1065 2008 ipsius
1079 1951 1151 2012 par·

186 2041 199 2075 r
224 2023 269 2076 tes
282 2019 343 2077 sire
355 2015 429 2076 alios
444 2015 584 2077 laedeules
596 2016 638 2077 rel
654 2015 939 2096 perterrefacientes.

224 2108 258 2170 9⁰
275 2126 291 2165 r
312 2102 423 2168 Omnes
439 2104 748 2167 falsarioslittrrarum
759 2108 1002 2186 apostolicarum,
1014 2108 1105 2172 etiarn
1121 2111 1153 2174 iu

187 2222 200 2256 n
226 2195 323 2258 lorms
336 2193 438 2256 Brevis
451 2240 459 2271 ,
472 2213 509 2256 ac
524 2196 776 2275 supplicationum
800 2195 925 2272 gratiam
940 2197 985 2258 vel
1003 2199 1151 2274 iustitiam

78 2283 86 2300 '
188 2310 201 2345 n
226 2285 485 2355 concernentium,
501 2305 556 2368 per
569 2288 739 2347 Ronlanum
756 2284 944 2360 Pontificem,
960 2287 1004 2348 vel
1015 2289 1047 2350 S.
1061 2291 1097 2351 R.
1114 2293 1149 2355 Ε.

188 2400 201 2434 u
228 2375 553 2446 Vice-Cancellariuru‚
576 2394 628 2437 seu
647 2380 786 2454 gerentes
807 2375 886 2436 vices
906 2393 1012 2438 eorum
1025 2425 1034 2452 ‚
1047 2385 1099 2440 eut
1113 2379 1153 2441 de

189 2488 202 2524 r
228 2463 371 2528 mundato
384 2463 519 2545 ejusdem
542 2464 669 2526 Romani
686 2463 838 2525 pontilicis
855 2465 1065 2545 signatarum,
1081 2487 1154 2533 nec·-

188 2578 203 2614 r
228 2573 289 2616 non
305 2554 378 2616 falso
389 2556 574 2634 publicantes
586 2551 895 2632 litterasapostolicaS,
910 2555 1000 2616 etiam
1017 2555 1046 2616 in
1058 2555 1155 2620 forma

190 2667 203 2704 u
230 2645 350 2720 Brevis,
374 2650 405 2706 et
425 2645 516 2706 etiam
537 2643 610 2705 tuso
628 2644 781 2722 signantes
799 2642 1033 2722 supplicationes
1053 2645 1156 2727 hujus·

189 2761 203 2795 n
230 2735 312 2799 modi
332 2734 388 2796 sub
408 2735 530 2795 nomine
551 2732 678 2794 Rornani
699 2731 851 2792 pontificis
868 2751 921 2794 seu
939 2733 1156 2801 Vise-Cancel-

191 2851 205 2885 s
230 2827 307 2902 larii,
323 2836 370 2889 aut
386 2833 525 2906 gerentes
538 2823 618 2885 vices
634 2821 846 2902 praedictorum
858 2824 880 2883 ¹.

230 2919 281 2980 t0⁰
300 2939 316 2976 r
337 2917 531 2977 absolventes
540 2911 758 2994 complicemln
771 2919 893 2990 peccato
909 2913 1009 2994 turpi5
1023 2914 1117 2980 etiam
1125 2917 1158 2980 in
1241 2950 1242 2953 ¹

191 3029 203 3065 r
230 3005 335 3068 mortis
350 3004 495 3076 articulo,
517 3003 541 3064 si
563 3001 639 3064 alius
656 3001 813 3075 sacerdos,
835 3002 904 3063 licet
920 3021 981 3065 uon
1003 3008 1158 3086 approba·
1240 3003 1241 3006 ’

191 3117 204 3152 r
230 3101 277 3156 lus
290 3093 327 3154 ad
342 3091 561 3164 consessiones,
577 3091 643 3152 sine
657 3089 738 3170 gravi
755 3090 853 3171 aliqua
867 3094 1019 3154 exoritura
1034 3095 1158 3160 iufamia

192 3206 205 3243 r
230 3191 260 3245 et
273 3180 425 3256 scandalo,
438 3181 530 3259 possit
543 3180 681 3258 excipere
696 3180 852 3241 morientis
862 3179 1098 3248 consessionem.

232 3275 310 3333 tl⁰r
328 3271 512 3349 Usurpantes
522 3268 1159 3350 autsequestrantesjurisdictr'onem,bona,

193 3385 207 3422 r
234 3357 377 3434 redditus,
406 3357 444 3419 ad
468 3374 613 3439 personas
640 3357 869 3431 ecclesiasticas,
897 3358 1013 3422 ratione
1034 3377 1161 3429 mum

194 3472 208 3511 r
232 3447 427 3512 ecclesiarum
442 3455 492 3508 aut
511 3444 728 3508 beneficiorum
742 3445 934 3528 pertinentia.

224 3643 250 3702 i.
265 3642 293 3698 V.
303 3641 365 3702 inira
375 3642 479 3696 dicenda
493 3641 584 3710 (6191).
