2522 4028
200 79 256 142 no
420 97 559 143 unnuran
579 97 679 142 rorrus
699 97 781 142 runis
802 91 947 142 canonici.

200 219 244 263 ira
260 201 382 265 vetitum
403 208 645 282 commorantes,
661 199 728 263 ride
746 200 825 262 dicta
849 218 938 280 supro
959 198 1038 276 (559)
1053 205 1081 262 et
1094 197 1158 262 inira

200 290 326 354 dicende
342 292 545 369 (desuesce).

242 394 430 454 arou-11.
448 392 549 454 Lucus
567 390 727 452 secularis.
747 393 789 453 De
802 391 876 453 iuxu
891 391 908 451 a
922 388 1038 452 clericis
1056 388 1162 450 vitando

203 481 353 543 innumeri
368 499 501 543 canones
515 480 699 562 loquuntur3
715 479 862 561 quosdam
875 478 1049 560 seligimus:
1066 479 1107 540 sio
1120 478 1163 538 ha-

203 569 252 633 bet
266 589 332 652 cop.
353 569 465 634 Clem'ci
480 575 538 645 15,
555 569 589 632 de
612 569 673 631 ur'td
687 581 714 631 et
731 569 894 642 ironrototc,
911 577 982 629 etc:
1002 590 1016 624 n
1031 567 1164 630 Clerici...

204 681 220 719 a
243 659 343 721 clausa
357 658 493 720 deferant
505 658 635 740 desuper
645 653 822 720 indumenta
833 706 841 734 ‚
853 657 946 718 nimia
959 656 1102 718 brevitate
1113 705 1120 720 .
1130 657 1166 716 roi

205 771 221 810 n
244 747 431 829 longitudine
447 767 508 808 nun
532 747 683 822 notanda,
699 747 807 828 pannis
822 746 922 826 rubris
942 753 995 808 aut
1013 745 1167 810 viridibus.

206 860 221 898 n
247 856 365 898 necnon
393 837 519 898 manicis
541 845 592 898 aut
615 835 795 898 sotularibus
821 836 1036 910 consutiriis¹,
1058 835 1168 900 irenis,

207 948 222 986 a
247 926 346 1000 settis,
362 926 562 1004 pectoralibus
574 974 581 1002 ,
592 925 757 988 calcaribus
770 925 939 998 deauratis,
955 931 1008 988 ant
1029 925 1119 1004 aliam
1133 943 1172 985 su-

208 1037 223 1074 n
247 1013 445 1096 prrssuitatem
461 1015 634 1096 gerentibus
660 1033 720 1076 non
739 1022 899 1077 utantur...
915 1014 1036 1076 Fiituias
1055 1015 1173 1075 omnino

209 1124 224 1164 a
250 1121 310 1164 noo
332 1101 461 1180 serant'3
479 1123 577 1185 neque
591 1103 735 1186 corrigias
752 1104 816 1166 auri
840 1103 885 1165 vel
905 1103 1021 1184 argenti
1041 1112 1173 1166 ornatum

210 1213 225 1251 n
249 1190 393 1253 haiirntes
404 1213 412 1268 ;
425 1192 477 1254 sed
490 1212 545 1256 nec
558 1193 701 1271 annuloS,
719 1192 775 1254 nisi
795 1191 906 1274 quibus
919 1193 1064 1273 competit
1075 1211 1111 1256 ex
1124 1189 1175 1253 out-

210 1302 226 1340 a
250 1282 297 1343 oio
311 1280 472 1362 dignitatis.
489 1305 503 1340 n

252 1380 326 1439 item
345 1396 412 1460 cap.
430 1377 562 1441 Clericus
575 1383 614 1453 8,
629 1378 697 1442 dist.
720 1383 770 1455 rt,
786 1397 823 1442 ex
844 1379 957 1441 Concil.
977 1379 1118 1460 Certhng.
1135 1381 1176 1451 n',

213 1469 282 1530 anni
304 1471 360 1530 397
387 1467 581 1549 desumptum
598 1487 605 1527 ε
625 1467 785 1530 «Clericus
808 1468 1024 1550 professionem
1048 1488 1135 1532 suern
1155 1477 1177 1528 at

214 1580 229 1618 n
253 1557 354 1620 habitu
369 1565 398 1620 et
411 1555 528 1620 incessu
540 1556 644 1638 probet
656 1603 662 1630 ,
674 1564 704 1619 et
713 1557 780 1620 ideo
792 1576 847 1620 nec
860 1559 989 1621 vestibus
1004 1577 1063 1621 neo
1077 1560 1179 1622 catcea-

214 1672 229 1707 a
254 1647 362 1709 mentis
375 1647 517 1709 decorem
532 1653 656 1727 quaerai.
673 1669 688 1706 n

253 1745 336 1806 idem
352 1744 518 1805 Concilium
529 1743 566 1804 de
579 1744 734 1826 Episcopis
744 1745 785 1807 ait
800 1746 885 1827 (Cep.
902 1746 1104 1829 Epr'soopus’i,
1115 1747 1178 1821 ibn:

220 1857 235 1893 a
255 1834 421 1914 Episcopus
431 1831 518 1892 vilem
532 1835 745 1912 supeltectilem
756 1842 786 1896 et
800 1850 935 1897 mensam
946 1837 1105 1898 aoriotum
1120 1855 1180 1917 puu-

216 1945 231 1982 n
257 1940 359 2004 perem
374 1921 491 1998 habeat,
505 1929 535 1982 et
548 1921 700 2002 dignitatis
714 1943 775 1984 sure
788 1925 992 1986 auctoritatem
1003 1923 1065 1987 tide
1080 1933 1112 1987 et
1125 1935 1181 1985 ntae

216 2011 371 2160 ¹abmpritis
386 2018 510 2163 qpaerat.
530 2033 546 2071 a
564 2012 638 2073 Vide
656 2014 745 2074 etiam
770 2011 928 2075 Coeremon.
944 2014 1181 2096 'Episcoporunn

230 2119 239 2160 ι
263 2147 269 2160 .
310 2118 399 2181 ,cap
433 2145 440 2162 .

258 2197 295 2256 Hi
306 2197 459 2258 cerronesi
471 2196 584 2259 Concii.
596 2196 725 2260 Trident.
738 2201 821 2274 (sess.
830 2203 869 2260 22
878 2247 885 2274 ,
894 2217 961 2280 cap.
975 2197 1048 2274 i,de
1057 2199 1184 2280 resono.)

219 2287 387 2348 contirmati
406 2285 499 2348 suere.
516 2285 590 2348 Vide
609 2285 774 2365 Reid'enst,
790 2289 841 2350 iiii.
857 2293 897 2366 3,
918 2287 962 2350 tit.
980 2292 1009 2366 i,
1030 2299 1064 2349 n·
1081 2293 1143 2366 48,
1158 2289 1184 2348 in

240 2395 289 2437 vne.

196 2375 350 2540 fimi.
372 2475 519 2540 vitandus
544 2484 645 2540 tamen
669 2479 802 2559 abjectus
824 2456 1031 2559 sordidosque
1050 2477 1184 2550 habitus,

220 2568 411 2648 tenendaque
437 2575 482 2628 est
505 2569 607 2648 regula
631 2570 696 2630 eS.
716 2568 871 2630 Arninosio
894 2567 999 2629 tradita
1022 2567 1082 2648 (Be
1097 2567 1184 2648 Offic,

221 2655 274 2718 lib.
291 2660 333 2738 t):
354 2680 368 2716 o
385 2656 535 2718 Honestati
550 2664 581 2717 et
595 2657 761 2718 necessitati
777 2656 850 2718 nihii
863 2655 957 2720 desit:
974 2654 1048 2716 nihii
1069 2655 1187 2718 accedat

224 2767 239 2805 n
263 2747 378 2806 nitoris.
395 2767 410 2803 n
428 2744 503 2805 Vide
518 2745 674 2825 Lequeux,
691 2755 723 2805 n⁶
736 2749 807 2808 565.

263 2835 446 2896 Omittuntur
457 2833 541 2915 ptura
555 2833 612 2896 alia
624 2851 691 2915 quae
704 2835 794 2895 vitum
808 2833 1054 2918 honestatemque
1067 2835 1185 2899 elerico

256 3001 264 3031 ⁸
280 2997 352 3048 Juxta
364 2998 398 3048 Dn
407 2997 495 3062 Congo,
505 3011 551 3046 rox
559 2998 679 3050 retiatores
691 2999 727 3049 rei
738 2997 871 3050 subtulares
882 2999 1004 3066 significat
1015 3001 1126 3052 condere.
1142 2998 1185 3048 Vox

225 3074 306 3121 autom
319 3069 454 3125 caminici,
466 3069 534 3133 juxte
547 3069 676 3130 eumdem,
692 3070 784 3121 indicat
794 3077 886 3120 certum
896 3073 1015 3122 rationem
1028 3087 1083 3137 quae
1095 3071 1184 3122 nauita-

227 3149 274 3192 tein
295 3141 404 3200 redolet3
421 3141 486 3188 unde
507 3141 606 3189 munic-a
623 3142 660 3190 vei
677 3144 798 3192 sotulares
816 3144 941 3194 consutiet't'
956 3151 1014 3194 sunt
1030 3143 1186 3194 consimiliter

226 3215 266 3266 des
278 3213 392 3264 momina
400 3227 431 3260 ou
443 3211 483 3260 dre
492 3213 593 3262 souliers
605 3213 697 3264 brorie'a.

256 3289 266 3316 ¹
284 3287 364 3334 Mutus
375 3291 525 3348 argentonus
538 3285 689 3333 demonstrat
702 3285 791 3334 Bened.
804 3285 853 3336 xiv
866 3301 914 3335 non
928 3301 981 3337 esse
993 3285 1183 3338 concludendum

227 3374 256 3410 ex
269 3358 306 3406 ins
320 3355 406 3414 veritis,
421 3353 568 3420 prohibitum
581 3371 635 3406 esse
647 3371 719 3406 usum
730 3357 862 3421 noritonam
875 3357 898 3406 in
912 3359 1009 3419 cuiauis,
1022 3361 1106 3425 quates
1118 3357 1184 3407 hodie

228 3429 391 3482 conmuniter
410 3427 435 3476 in
452 3427 562 3492 pluribus
580 3427 643 3478 locis
668 3427 823 3478 adhibentur.
847 3428 974 3494 (vespm,
986 3429 1029 3480 tib.
1041 3429 1079 3490 rt,
1094 3443 1147 3495 cap.
1159 3425 1183 3486 d,

228 3514 257 3554 no
268 3501 304 3568 Ξ.)
