2522 3992
444 267 530 314 uena
550 268 668 314 antuus.
990 255 1045 318 431

79 369 111 426 ut
140 371 307 428 assumeret
329 381 421 426 unam
447 381 483 426 ea
506 372 635 446 quatuor
663 365 918 448 magnisaegutts
938 385 1048 452 appro-

79 451 154 514 batis
169 455 215 530 (S.
233 453 332 516 Basilii
355 471 483 536 nempe,
499 455 530 516 S.
550 453 727 534 angustini.
751 456 782 518 S.
805 455 978 535 Benedicti,
1002 459 1047 522 vei

79 541 109 602 S.
139 542 330 622 Francisoi),
360 543 387 606 oi
426 541 566 605 addendo
594 543 826 608 constitutiones
852 545 906 607 tini
933 546 1048 610 intento

79 632 416 714 aommmodatas;quia
425 651 461 694 ex
471 629 601 710 pretatis
610 631 753 710 decretis,
765 652 827 696 non
839 635 937 702 solum
946 637 1049 718 regulo

79 718 168 782 debet
180 721 338 804 approbari
352 769 360 798 ,
373 721 426 784 sed
439 722 527 784 etiam
541 723 713 784 Institutum
732 729 763 784 et
776 723 873 801 Ordo,
894 743 962 806 qure
988 745 1049 790 non

79 808 176 871 sotium
200 811 331 892 Regula,
353 811 405 873 sed
432 817 463 874 et
484 810 752 874 Constitutionibus
778 813 1001 877 constituuntur
1016 823 1048 878 et

79 898 345 963 efficiunturnova.
361 899 486 978 (Bouix,
503 899 558 977 it,
573 918 604 981 p.
621 899 705 979 205.)

117 989 161 1050 Ex
171 989 302 1071 hispatet
313 989 407 1071 quod,
422 987 621 1050 abstrahendo
631 991 648 1050 a
658 981 807 1054 oont'rarid
816 993 1036 1056 consuetudine

80 1075 122 1138 trs
142 1084 270 1140 nonest
288 1078 444 1160 Episcopis
462 1077 557 1139 ultam
576 1095 684 1140 novam
704 1079 893 1161 Religionem
908 1087 960 1144 aut
979 1081 1043 1144 reti·

78 1165 193 1246 giosam
207 1167 477 1248 congregationem
493 1166 613 1248 proprii
628 1167 802 1230 auctoritate
820 1169 953 1250 erigere,
968 1169 1050 1233 insti-

79 1262 162 1316 tuere
180 1261 233 1317 aut-
250 1256 435 1338 approbare;
452 1260 483 1316 et
495 1254 576 1336 quod
591 1273 678 1318 secus
696 1255 735 1318 ab
756 1257 828 1338 ipsis
842 1257 931 1321 suerit
951 1265 1047 1322 atten-

79 1351 189 1417 tatum,
206 1363 267 1407 non
281 1347 400 1408 tantum
414 1344 542 1426 graviter
559 1343 715 1425 illicitum,
730 1345 782 1409 sed
801 1353 833 1410 et
844 1365 968 1429 prorsus
982 1349 1048 1412 irri-

77 1439 142 1495 tum
156 1431 242 1496 toret.

117 1527 206 1586 2528.
222 1525 370 1597 Ouaeritur
383 1543 422 1588 an
437 1523 542 1587 saltem
556 1541 593 1587 ex
609 1531 694 1606 parte
707 1524 848 1606 abrogata
863 1525 951 1588 tuerit
971 1546 1048 1610 prae-

80 1611 136 1672 teta
150 1611 308 1693 prohibitio
323 1632 431 1676 novam
446 1613 631 1694 Religionem
645 1619 698 1676 aut
712 1631 820 1676 novem
835 1615 1050 1696 congregatio·

79 1717 149 1761 nem
166 1701 335 1764 inveniendi
351 1703 465 1785 absque
480 1702 566 1766 Sedis
582 1703 759 1784 Apostolicae
774 1701 918 1765 licentia?

115 1791 205 1874 Resp.
242 1791 443 1868 ddirmatird3
473 1791 693 1855 consuetudine
715 1791 798 1854 enim
815 1791 933 1855 videtur
958 1792 1049 1857 fuisse

75 1879 234 1944 inductum
249 1889 281 1944 ut
296 1900 380 1943 novae
394 1881 647 1962 Congregationes
661 1898 731 1942 oum
751 1881 815 1943 solt
832 1883 1048 1963 Episcoporum

75 1969 196 2032 licentia
210 1971 325 2052 possint
336 1969 482 2047 inchoari;
494 1972 584 2052 porro
597 1969 695 2052 agitur
708 1969 759 2033 hio
771 1969 810 2033 de
824 1971 947 2033 materie
960 1991 1049 2053 praes

73 2059 233 2142 criptibiii,
258 2061 327 2122 eiam
351 2057 474 2142 praesate
494 2058 655 2140 probibitio
678 2077 740 2121 non
763 2058 853 2122 fuerit
872 2059 1049 2126 confirmata

71 2151 91 2209 d
107 2149 240 2211 Concilio
253 2147 443 2225 Tridentium
460 2166 532 2230 ergo
545 2153 580 2210 ut
595 2147 729 2229 legitima
741 2147 843 2211 haberi
863 2153 962 2230 potest
974 2169 1048 2214 eon·

72 2239 205 2302 suetudo
216 2237 401 2318 hujusmodi.

115 2328 280 2392 Existentia
305 2333 337 2390 et
357 2326 527 2408 legitimitas
553 2325 680 2406 hujusce
706 2327 934 2392 consuetudinis
960 2332 1049 2393 variis

72 2419 280 2481 monumentis
298 2418 522 2480 demonstratur
540 2435 547 2476 :
565 2419 596 2477 t⁰
610 2417 655 2476 Ex
675 2415 738 2477 sola
753 2417 914 2498 episcopati
929 2417 1050 2482 lieentia

71 2503 1047 2590 incorpitlnstitutumJoannaeValesiae,quoddeinde,annot501,

70 2598 112 2660 ab
134 2596 303 2659 dtexandrn
313 2598 351 2658 Vl
366 2594 423 2658 suit
436 2593 655 2676 approbatum
670 2597 703 2655 2⁰
717 2593 797 2655 idem
817 2599 863 2655 est
884 2595 1049 2658 dicendum

73 2688 112 2750 de
133 2686 372 2768 Congregatione
386 2687 524 2748 Fratrum
548 2683 724 2746 Soboiarum
741 2681 975 2766 Christianarum
994 2687 1049 2748 Be·

67 2781 117 2842 ati
161 2777 203 2838 De
221 2777 260 2838 La
275 2775 372 2850 Solle,
395 2773 558 2855 approbata
571 2772 667 2834 muitd
682 2775 750 2852 post
772 2771 866 2852 ipsius
887 2771 1048 2838 institutio·

72 2881 147 2928 nem
156 2867 212 2928 bS.
224 2865 312 2941 Sede,
322 2883 403 2927 anno
415 2867 502 2937 ttae
514 2866 547 2924 3ο
560 2860 1061 2950 sieincceperuntbiaristaedegui,

72 2955 132 3018 bus
146 2955 189 3016 sie
201 2955 307 3017 effatur
322 2957 446 3034 Gregor.
459 2953 536 3026 XVI,
553 2949 584 3011 in
599 2949 685 3009 aren
701 2949 834 3012 Omnium
843 2953 974 3033 pontium
988 2959 1049 3037 qua

71 3045 153 3107 bano
171 3043 442 3125 Congregationem
461 3038 660 3123 approbavit:
682 3060 697 3098 a
715 3040 782 3101 Non
801 3039 946 3103 mediocri
968 3046 1048 3106 certe

73 3161 86 3194 a
113 3133 265 3215 voluptate
279 3131 375 3194 attenti
390 3149 513 3200 sumus,
530 3129 582 3191 ubi
596 3129 769 3210 recepimus
788 3126 931 3192 dilectum
951 3130 1046 3195 filium

70 3250 86 3284 a
114 3223 274 3284 Claudium
298 3219 383 3281 Cotin
402 3227 432 3281 et
451 3219 568 3300 aliquos
586 3217 778 3300 presbyteros
796 3217 933 3282 dioeoesis
955 3221 1042 3282 Belli·

68 3339 84 3376 υ
114 3311 228 3385 censis,
249 3309 355 3370 moitis
369 3309 476 3370 obtine
495 3307 598 3386 nanis,
618 3325 703 3370 novae
724 3305 932 3390 religiosorum
953 3308 1048 3370 homi-

68 3429 86 3466 »
113 3420 190 3464 num
213 3399 369 3464 Sooietotis
392 3396 586 3459 fundamenta
607 3397 760 3478 posuisse,
782 3397 867 3460 titulo
890 3397 1047 3460 Socr‘etotis

68 3518 84 3553 a
113 3491 232 3556 Μανία.
244 3512 260 3550 a
271 3488 354 3564 idem
366 3493 413 3551 est
425 3485 620 3550 asserendum
633 3485 672 3548 de
685 3486 789 3552 multis
802 3485 869 3550 ediis
881 3487 1047 3570 Congrega·

66 3579 216 3648 tionibus.

110 3673 236 3734 tonsus
249 3668 373 3750 insuper
384 3665 508 3731 Curiam
520 3667 689 3730 &manem
702 3683 766 3730 non
778 3661 945 3736 concedere
958 3659 1047 3727 hodie
