2522 3992
464 203 552 250 arara
572 205 690 251 amaus.
999 193 1058 254 l35

89 299 152 365 lunt
162 320 222 364 non
238 307 385 377 suilloere,
396 299 428 362 in
438 300 562 383 praelato
574 320 775 381 oasu‚vocem
781 303 994 386 Approbomus,
1007 305 1059 368 sed

89 391 197 474 requiri
213 391 336 472 insuper
343 396 377 452 ut
386 391 574 472 exprimatur
583 393 754 455 laslilulum
762 394 912 476 acceptori
922 401 1060 475 tanquam

91 501 184 544 aeram
197 479 379 560 Belipimoem
391 527 399 556 ‚
413 499 462 542 scu
478 487 615 562 tanquam
629 481 749 544 Statum
765 482 1063 565 relt'pioramproprid

89 569 207 632 dictam.
223 571 261 630 Et
281 571 384 632 revera
405 569 543 651 quadam
563 578 634 633 suat
646 571 736 633 verba
752 572 909 635 Constitui.
927 573 1063 648 Quamuis

89 659 165 741 josto
179 662 229 737 (30
242 677 308 742 apr.
326 661 412 739 l'll9)
429 659 541 721 Bened.
556 661 634 738 XIV,
649 679 718 742 quae
731 660 803 724 huic
816 659 951 744 opinioni
966 659 1064 724 farere

91 747 236 824 videntur,
251 755 280 810 el
303 748 414 830 quibus
428 748 556 830 ipsemet
573 751 609 810 D.
628 749 722 812 Bouix
745 750 841 812 nescit
855 749 1064 832 aliterrespon·

91 837 160 899 dere
174 839 266 920 quam
280 836 409 900 dicendo
428 837 514 899 verda
529 837 687 920 Poalifiois
699 859 755 900 aaa
770 858 827 900 esse
841 838 1003 901 decretorio
1016 837 1067 900 sad

93 923 287 988 tantammodo
306 922 495 1008 expositiva,
519 927 645 1009 proinde
670 947 733 990 non
751 929 879 992 omniuo
900 927 1065 990 infallibilia

92 1014 275 1097 (lampad,
290 1021 364 1076 lom.
377 1019 406 1090 l,
418 1033 448 1097 p.
464 1020 540 1094 aad,
556 1019 636 1094 ele).
654 1017 713 1080 Sed
731 1016 806 1080 forle
820 1017 929 1080 melrirs
944 1035 1066 1098 respon·

92 1105 154 1167 deri
169 1111 269 1188 posset
281 1103 409 1168 dicendo
422 1105 504 1187 quud
523 1105 635 1167 Bened.
659 1108 725 1168 XIV
745 1105 873 1168 affirmet
894 1107 1012 1168 tantiam
1034 1107 1065 1167 in

93 1194 214 1276 praelata
230 1193 314 1256 Bulla
328 1211 389 1256 non
404 1194 540 1256 sufficere
558 1193 805 1276 approbationem
819 1202 849 1257 el
862 1194 1066 1258 confirmatio-

95 1301 163 1345 nem
180 1281 378 1364 Regulamm3
398 1285 469 1345 cirm
484 1282 574 1346 eliam
588 1283 717 1345 Instituti
731 1283 906 1368 approbatio
919 1283 958 1346 sit
970 1283 1068 1367 requi--

93 1373 256 1447 silalbbd'l)
266 1391 274 1432 ε
284 1373 327 1434 sic
337 1369 419 1435 enim
433 1371 559 1435 babetur·
568 1373 599 1434 in
609 1370 816 1436 dictdConstit.
826 1372 1065 1454 Ouamaisjasto:

99 1461 181 1522 olid
208 1460 368 1524 essentiam
403 1461 503 1524 Status
534 1461 665 1542 religiosi
670 1506 730 1524 .....
766 1463 849 1542 (non)
887 1461 995 1524 sufficit
1030 1463 1068 1524 ab

96 1571 112 1610 u
135 1549 239 1612 eidem
261 1549 431 1631 Apostoliclt
450 1549 520 1612 sede
543 1549 707 1612 obtinuisse
720 1550 864 1612 duntaxat
882 1549 1069 1632 approbatio-

97 1659 114 1697 »
138 1655 209 1700 nem
222 1645 251 1700 et
263 1637 525 1701 confirmationem
539 1638 719 1720 Requloram
733 1657 809 1721 quas
822 1637 922 1720 aliqua
936 1638 1069 1701 virorum

97 1749 113 1788 a
137 1734 189 1790 aut
205 1727 366 1790 mulierum
383 1728 515 1790 Societas
530 1727 586 1790 sibi
603 1727 804 1790 observandas
818 1727 1065 1808 praescripserit.»

138 1820 227 1880 2538.
244 1851 281 1862 ·-
296 1821 327 1878 4⁰
342 1817 372 1878 Si
389 1816 565 1898 erigendum
581 1818 617 1878 sil
630 1817 800 1880 institutum
815 1816 845 1878 in
862 1817 1070 1898 Congrcgalio

97 1923 170 1968 nem
192 1905 354 1987 improprie
376 1904 508 1982 dictam,
524 1925 646 1968 neccsse
667 1913 758 1968 estut
776 1905 808 1968 in
823 1904 952 1968 formula
965 1924 1070 1988 appro-

97 1995 226 2057 bationis
236 2041 244 2068 ,
255 1995 300 2056 vel
316 1995 346 2056 in
366 1993 495 2056 formula
508 1995 635 2057 Iastituli
651 1997 834 2077 exprimatur
849 1992 963 2076 aliquid
977 1995 1070 2058 Slalui

97 2085 238 2166 religioso
256 2083 435 2166 proprium;
460 2085 594 2166 alioquin
617 2103 679 2146 non
697 2083 931 2165 distingueretur
948 2085 966 2146 a
987 2086 1071 2147 mera

97 2172 362 2238 Coulraternitate:
379 2191 407 2234 v.
425 2191 469 2253 g„
485 2171 567 2254 qudd
580 2172 687 2236 habeat
699 2174 790 2235 vitam
804 2189 1001 2236 communem
1014 2173 1071 2235 sub

98 2262 225 2341 alicujus
246 2261 415 2342 Superioris
433 2261 579 2342 regimine
589 2282 598 2338 ;
615 2261 675 2324 sive
693 2261 807 2344 absque
820 2261 907 2336 volis,
922 2262 983 2324 sive
1000 2280 1071 2324 curn

98 2351 195 2413 tribus
209 2351 284 2412 votis
298 2350 337 2412 ad
350 2358 488 2433 tempus,
504 2349 565 2414 sive
588 2369 658 2414 cum
679 2352 743 2414 solo
761 2357 831 2414 voto
845 2349 995 2412 castilatis.
1013 2350 1072 2413 Sed

99 2437 124 2501 si
140 2439 246 2501 babeat
261 2439 317 2500 tria
330 2448 397 2501 vola
415 2439 542 2520 exprimi
556 2439 646 2503 debet
662 2439 744 2522 qudd
759 2459 819 2502 uon
834 2441 894 2500 sint
908 2445 1071 2520 perpetua,

100 2530 146 2592 vel
157 2528 237 2610 qubd
251 2527 316 2591 haee
330 2535 483 2610 nequeant
494 2548 512 2591 a
525 2547 696 2611 quoquam,
712 2529 836 2591 nomine
846 2527 930 2588 Sedis
946 2529 1073 2609 Aposto-

101 2618 179 2695 licae‚
195 2617 353 2699 acceptari.
370 2619 464 2680 Seeus
481 2619 564 2681 enim
582 2637 644 2680 non
658 2625 735 2680 esset
748 2615 946 2696 congregatio
960 2616 1073 2698 impro·

101 2708 168 2791 prid
181 2706 260 2769 dicia
276 2726 284 2767 ι
300 2705 400 2782 unde,
423 2707 521 2790 inquit
534 2709 569 2768 D.
586 2707 682 2770 Bouix
696 2707 751 2782 (Do
770 2703 927 2786 Reperiam,
951 2710 1025 2766 tom.
1043 2709 1072 2782 l,

101 2818 134 2878 p.
151 2800 226 2874 236,
241 2799 325 2874 237),
346 2797 447 2858 ocbm
465 2796 553 2859 vellet
572 2795 770 2878 Congreguio
784 2792 936 2857 lllissionis
949 2792 1000 2871 (les
1014 2794 1074 2856 La·

103 2908 119 2946 o
143 2885 274 2964 canister)
288 2884 397 2947 babere
407 2886 462 2948 tria
471 2893 537 2947 vola
547 2893 706 2967 perpetua,
722 2891 753 2947 et
766 2882 962 2945 nihilominus
975 2897 1071 2945 remu-

102 2997 118 3035 r
146 2975 376 3037 uerasaecularis
385 2993 477 3056 opus
487 2974 581 3036 lurlm
592 2973 814 3056 approbationis
824 2971 910 3034 Bulla
917 2976 1075 3054 ,expresse

101 3064 323 3140 o,dcccruere
334 3069 368 3126 ut
378 3071 543 3126 nemoxota
558 3062 622 3126 baec
633 3070 802 3164 acceptaret
811 3061 933 3124 nomine
947 3063 1078 3144 Congre-

102 3177 119 3214 o
146 3153 291 3234 gationis
310 3160 362 3215 aut
379 3152 464 3215 Sedis
480 3153 669 3234 Apostolicae.
689 3155 726 3214 Et
747 3153 803 3215 nisr
796 3151 983 3214 clausulam
998 3149 1076 3214 hanc

103 3267 119 3303 a
144 3241 308 3305 addidisset
328 3243 360 3304 S
385 3241 540 3320 Pontifex,
564 3242 779 3304 Lazarislarum
802 3239 999 3322 congregatio
1014 3255 1075 3303 uon

102 3339 225 3395 »esset
250 3331 416 3408 saecularis,
444 3330 498 3394 sed
520 3332 640 3414 proprie
661 3331 800 3412 religiosa
813 3378 821 3410 ‚
836 3329 951 3392 hebens
966 3345 1077 3412 nempe

103 3445 121 3484 ι
147 3423 249 3484 Status
261 3419 389 3502 religiosi
404 3423 564 3483 essentiam
578 3428 607 3483 el
620 3422 785 3483 veritatem.
801 3443 817 3482 a

145 3513 236 3574 2539.
259 3509 340 3572 Nola
352 3510 554 3573 certissimum
568 3527 655 3573 esse⁴
669 3512 731 3573 rmb
747 3509 786 3573 de
804 3509 864 3574 lide
880 3507 974 3574 videri
991 3509 1076 3591 juxta

105 3599 299 3680 suasorium,
315 3617 377 3663 non
390 3617 478 3681 posse
491 3617 591 3663 errare
616 3598 791 3662 Pontificem
805 3597 1000 3682 approbando
1021 3599 1076 3662 lla·
