2534 3996
192 189 249 252 306
410 209 548 258 uenulas
567 209 668 258 roaros
686 210 769 260 aunis
788 169 940 260 benonin,

192 325 205 361 a
231 304 406 370 sustinendo
419 306 536 370 decenti
551 309 773 372 Ganonicorum
789 308 894 392 gradui
910 329 966 392 pro
980 311 1037 374 loci
1052 315 1083 376 et
1097 329 1169 394 per·

192 415 205 452 a
232 413 374 458 sonarum
390 397 532 478 qualitate
550 416 612 459 non
627 397 796 476 sufficiant,
812 400 900 462 liceat
914 401 1070 483 Episcopis
1089 406 1170 479 (nou

193 507 205 543 a
232 493 331 547 autern
352 486 483 549 Praelatis
502 487 729 570 tlollegiatarunt
743 489 796 550 elsi
819 491 964 572 exemptis
977 501 1008 552 et
1024 491 1172 570 jurisdic-

193 595 205 632 a
233 574 343 636 tionem
356 575 656 658 quasi-episcopalem
666 577 858 654 habentibus)
866 597 937 641 cunr
946 598 1081 642 conseosu
1095 583 1172 656 (non

193 684 207 721 a
234 664 354 725 consilio
371 666 507 742 tentum)
522 665 668 747 Capituli,
683 667 730 728 vel
745 666 861 747 aliquot
886 667 1034 750 simplicia
1052 667 1173 730 beneti-

195 777 207 810 n
234 751 299 830 oia,
316 772 378 816 non
392 761 494 816 tamen
511 753 672 835 regularia,
693 755 728 818 iis
748 757 853 833 uuire;
873 756 918 818 vel
938 758 963 818 si
984 755 1041 818 hbe
1054 759 1172 820 ratione

195 866 208 900 ι
235 841 382 924 provideri
402 861 464 905 non
482 846 596 924 possit,
616 844 766 926 aliquibus
788 865 826 908 ex
844 845 888 908 eis
910 845 1078 927 suppressis
1098 865 1174 908 cunr

198 952 209 990 a
235 936 430 1011 patronorum
449 948 619 1010 consensu,
639 933 664 994 si
684 933 722 995 de
742 934 810 1014 jure
828 937 1004 1015 patronattts
1026 933 1173 996 laicorum

199 1043 209 1078 a
234 1026 326 1097 suut,
341 1037 471 1102 quarum
485 1019 601 1084 fruetus
614 1029 644 1084 et
657 1029 818 1104 proventus
831 1023 1017 1104 reliquarum
1032 1021 1173 1102 praeben·

196 1131 210 1168 a
234 1107 342 1171 darum
366 1108 626 1173 distributionibus
645 1111 829 1192 quotidianis
847 1111 1045 1193 applicentur,
1065 1129 1117 1173 eas
1137 1111 1175 1172 ed

196 1222 210 1257 a
235 1199 408 1280 pauciorem
428 1217 589 1262 numerum
604 1198 765 1262 reducere:
786 1201 825 1262 ita
843 1208 944 1264 tamen
963 1206 997 1262 ut
1014 1208 1058 1261 tot
1071 1219 1176 1282 super-

197 1309 211 1347 a
236 1289 296 1350 sint
312 1307 381 1370 quae
401 1288 503 1351 divino
521 1289 616 1352 cultui
634 1289 814 1353 celebrando
828 1299 858 1353 et
875 1288 1011 1372 dignitati
1030 1290 1175 1352 Ecclesiae

197 1401 211 1438 a
235 1377 395 1441 commode
407 1379 524 1441 valeant
537 1379 731 1460 respondere.
750 1401 765 1440 a

237 1471 327 1532 2180.
351 1468 487 1530 Facultas
508 1477 610 1531 autern
631 1469 696 1532 haec
715 1488 777 1533 non
796 1469 903 1532 transit
922 1469 960 1532 ad
979 1467 1175 1552 Capitulum,

198 1557 275 1620 Sede
288 1563 410 1619 vacante
423 1575 430 1618 :
444 1559 528 1638 juxta
541 1559 576 1618 D.
594 1559 711 1636 Bouix,
728 1559 772 1620 De
787 1557 937 1640 Capitale,
953 1577 984 1641 p.
1000 1563 1050 1622 78.

236 1649 271 1710 In
292 1647 404 1721 Gallia,
424 1647 510 1726 juxta
532 1645 676 1709 eumdem
695 1646 779 1727 (11.1,
800 1647 935 1729 Capitale
952 1647 996 1710 uti
1016 1653 1177 1710 numerata

198 1735 300 1800 baberi
317 1753 379 1797 non
388 1733 510 1810 debent,
521 1737 592 1817 quia
602 1737 656 1798 etsi
666 1734 881 1798 determinatus
893 1737 1012 1798 tantum
1027 1755 1176 1799 numerus

198 1825 420 1889 Canonicorum
448 1825 627 1906 pensionem
659 1827 677 1888 a
709 1825 862 1888 Gubernio
894 1826 1044 1908 recipiat,
1072 1833 1177 1888 tanton

200 1915 317 1979 nullum
337 1911 435 1974 existit
462 1918 604 1976 statutum
627 1914 861 1978 ecclesiasticum
884 1915 922 1977 de
950 1933 1013 1976 non
1034 1915 1177 1996 augendo

201 2021 305 2067 eorum
325 2019 453 2066 numero
470 2021 478 2064 :
497 2002 579 2066 unde
600 2022 663 2066 non
678 2004 777 2067 solinu
795 2006 814 2066 b
834 2007 928 2084 Papa,
947 2001 999 2066 sed
1022 2003 1115 2066 etiam
1137 2004 1177 2065 ab

200 2095 348 2176 Episcopo
369 2091 546 2155 simultaneb
568 2111 639 2155 cunr
662 2093 817 2176 Capitale,
841 2093 914 2176 ipsis
928 2091 1088 2157 canonicis
1106 2093 1175 2154 addi

201 2189 323 2264 possent
331 2181 473 2244 Canonici
485 2229 493 2260 ‚
508 2182 560 2263 qui
574 2201 636 2244 non
651 2191 750 2245 essent
762 2183 882 2245 dicendi
896 2182 1177 2265 suprnnumorarr'i:

201 2271 349 2334 sufficeret
362 2270 497 2334 fundatio
511 2270 588 2334 lacta
600 2272 639 2334 ab
653 2273 753 2354 aliqua
766 2271 880 2335 familia
894 2272 954 2354 pit.

241 2365 330 2424 atat.
347 2360 430 2423 Nota
443 2360 573 2442 quddex
588 2361 941 2440 Concil.'1'rident.(sess.
957 2365 1014 2439 bl,
1027 2379 1094 2442 cap.
1112 2364 1176 2439 ld),

206 2451 273 2512 uin
293 2451 434 2513 omnibus
456 2450 597 2513 Ecclesiis
617 2449 841 2514 cathedralibus
866 2454 939 2529 (non
961 2457 1061 2512 autem
1083 2451 1179 2513 Colle·

203 2563 217 2602 a
242 2539 327 2622 gistis
344 2541 474 2618 tantbrn)
494 2558 601 2603 omnes
615 2540 814 2603 Canonieatus
829 2544 902 2619 (nou
915 2541 986 2603 verb
1001 2539 1178 2620 Dignitates)

203 2653 217 2690 a
242 2638 272 2693 et
294 2630 446 2711 portiones
472 2627 602 2692 habeant
628 2647 781 2692 annexum
807 2629 946 2692 ordinem
968 2629 1176 2708 Presbytertt,

203 2719 420 2782 »Diaconatbs
443 2717 489 2782 vel
517 2719 766 2782 subdiaconatus.
796 2719 963 2800 Episcopus
982 2725 1084 2780 autent
1109 2736 1178 2780 curn

204 2833 218 2870 a
243 2809 366 2870 coasilio
375 2808 499 2890 Capituli
514 2809 672 2888 (comanos
685 2807 767 2870 enim
782 2827 844 2870 non
858 2807 1029 2889 requiritur)
1042 2805 1179 2888 designet

205 2921 219 2960 a
245 2917 280 2960 ao
299 2897 475 2974 distribuat,
497 2905 587 2978 prout
606 2897 714 2960 viderit
733 2896 893 2978 expedire,
915 2895 1026 2977 quibus
1048 2896 1178 2977 quisque

207 3011 220 3048 a
245 2986 319 3048 ordo
341 3005 378 3048 ea
397 2986 489 3048 sacris
508 3005 644 3050 annexus
667 2987 698 3048 in
721 2994 875 3068 posterunr
895 3003 961 3048 esse
980 2983 1089 3046 debeat
1110 3003 1119 3047 ι
1141 2986 1180 3046 ite

207 3101 221 3137 a
246 3083 345 3136 tamen
357 3081 391 3137 ut
402 3073 526 3136 dimidia
540 3075 644 3138 saltent
655 3094 723 3158 pars
736 3075 900 3156 presbyteri
916 3073 986 3144 siut,
997 3073 1096 3136 caeteri
1111 3074 1180 3136 verb

207 3189 222 3225 a
247 3163 370 3226 Diacnni
384 3170 436 3225 aut
445 3163 636 3227 Subdiaeoni.
648 3185 663 3223 a
674 3166 720 3243 (V.
736 3163 905 3226 decisiones
916 3163 955 3226 de
968 3163 1026 3226 hoc
1039 3164 1148 3225 relatas
1162 3166 1178 3226 t

208 3255 355 3324 Ferraria,
371 3261 401 3314 v·
417 3251 603 3332 Capitulum,
619 3259 675 3316 art.
691 3257 726 3328 2,
744 3256 854 3331 1110.)
873 3253 1180 3325 «1111111111101511

209 3365 224 3403 a
249 3343 321 3404 tudo
341 3340 525 3404 laudabiliter
539 3341 628 3403 habet
641 3349 675 3404 ut
688 3343 789 3423 plures
805 3342 849 3404 vel
869 3360 975 3404 onrues
988 3343 1045 3404 sint
1061 3344 1181 3422 presby·

209 3453 226 3492 a
249 3431 302 3492 teri
317 3430 655 3492 omninoobservetur.a
666 3431 880 3511 -Hujusmodi
895 3430 1083 3494 consuetudo
1095 3431 1181 3494 bodie

212 3518 290 3598 viget
304 3519 334 3579 in
350 3519 453 3580 Gallia.
469 3517 585 3581 -Vide
601 3522 636 3580 D.
653 3520 761 3588 Bouix,
780 3521 824 3582 De
839 3520 952 3602 Copia,
969 3539 999 3601 p.
1015 3524 1118 3583 'ra-75.

254 3609 286 3668 ln
301 3608 455 3687 posteriori
470 3625 561 3689 casu,
576 3609 718 3672 Canonici
733 3607 804 3682 clini
818 3627 880 3673 non
900 3615 1046 3689 possunt,
1071 3609 1130 3672 nisi
1150 3611 1180 3673 in
