2528 3996
433 317 518 364 amsa
539 318 657 368 ramus.

325 553 330 560 ’
405 603 579 674 aarur
612 608 681 680 rr.

452 761 494 812 BE
516 699 632 818 thClS·

102 912 190 974 3135.
200 912 345 992 Maiorem
354 913 496 978 Ecclesiae
506 923 620 997 partem
630 916 791 984 efformanl
799 919 893 993 Laici,
902 942 1035 1008 quarum

63 1016 174 1062 nomen
189 1001 206 1064 a
222 1001 326 1084 lingui
348 1007 447 1084 gresch
467 1005 650 1083 derivatum,
664 1009 804 1090 papalum
823 1011 990 1090 significat,
1006 1019 1036 1076 et

61 1095 184 1170 propter
197 1090 276 1172 ipsos
290 1093 442 1174 praecipue
457 1100 563 1156 cratera
584 1095 615 1158 in
634 1097 767 1160 Ecclesia
782 1099 916 1162 instituta
928 1097 1033 1178 luere,

58 1178 144 1258 iuxta
158 1179 246 1267 verba
261 1182 291 1243 S.
309 1182 392 1244 Pauli
407 1182 444 1246 ad
459 1183 627 1248 Corinthios
642 1186 721 1269 (cap.
731 1191 763 1264 3,
773 1191 876 1264 nhil:
897 1210 912 1247 a
926 1187 1034 1252 Omnia

60 1288 75 1326 n
101 1268 183 1330 enim
197 1279 293 1332 vestra
306 1279 395 1343 sunt,
409 1271 469 1334 sire
481 1273 606 1350 Paulus,
618 1275 680 1336 sire
693 1275 797 1356 Apollo
810 1323 818 1353 ,
829 1277 890 1340 sire
901 1275 1015 1358 cephas
1023 1297 1032 1354 ;

59 1377 75 1415 n
101 1375 152 1419 vos
165 1366 267 1420 autem
281 1359 400 1422 Christi.
412 1382 428 1419 a
1042 1381 1045 1386 ·

101 1447 190 1510 3136.
213 1447 293 1511 Laiai
314 1455 415 1512 autem
434 1450 493 1513 suh
510 1449 619 1533 triplici
640 1458 779 1534 respectu
792 1460 919 1534 possunt
933 1455 1035 1515 consi-

59 1535 178 1597 derari:
194 1535 348 1615 videlicet,
363 1545 414 1601 aut
427 1545 577 1621 quatenns
589 1539 751 1622 clamatores
766 1548 796 1603 et
819 1559 955 1622 personae
966 1543 1032 1623 pri·

60 1631 154 1697 aatoe,
169 1630 221 1686 aut
240 1631 389 1706 qnatenus
408 1627 544 1690 mambra
563 1629 693 1710 familia
706 1647 761 1692 seu
774 1647 911 1712 persone
925 1629 1033 1690 dames·

61 1713 139 1787 tica,
157 1713 260 1795 quales
274 1723 345 1777 sunt
358 1723 514 1798 parentes,
531 1719 608 1781 servi
630 1723 661 1780 et
681 1716 805 1790 lamuli;
822 1725 875 1780 aut
887 1733 1035 1800 quatenus

60 1801 199 1864 membra
211 1803 352 1879 civitatis,
368 1811 399 1867 et
411 1813 484 1870 tunc
499 1815 568 1871 sunt
582 1824 719 1890 persona
733 1803 843 1870 civiles,

484 1995 565 2060 ΛΒΤ.
588 1997 610 2059 l.

229 2139 267 2187 nu
285 2140 380 2187 aarars
400 2140 550 2195 ottrannus
569 2141 710 2190 censuros
729 2143 870 2190 romans

102 2287 190 2348 3137.
213 2286 366 2357 Quatenus
380 2285 500 2365 privatas
513 2303 663 2367 personae,
677 2286 743 2348 laici
759 2287 882 2350 suntvel
899 2287 1034 2349 nondum

61 2374 215 2456 baptizali.
230 2373 276 2436 rel
291 2373 456 2454 baptizati:
482 2373 548 2436 laici
571 2373 706 2437 nondum
729 2374 866 2456 baptizali
894 2383 966 2438 sunt
985 2385 1038 2438 aut

60 2463 195 2546 infideles
208 2462 259 2544 qul
274 2461 365 2524 fidem
387 2460 524 2525 nondum
546 2470 758 2544 susceperunt,
773 2481 831 2526 nec
850 2465 882 2524 in
900 2463 947 2525 ria
966 2472 1037 2525 sunt

59 2561 94 2616 ut
110 2571 182 2614 mox
202 2551 398 2634 profiteantur
414 2571 422 2626 ;
445 2557 497 2614 aut
514 2551 729 2625 catechumeni,
745 2551 798 2632 qui
817 2569 849 2613 se
872 2550 1038 2632 disponunt

59 2641 97 2704 ad
114 2639 197 2703 illam
211 2639 466 2722 amplectendam,
482 2646 513 2702 el
529 2639 757 2722 suscipiendum
780 2639 923 2722 Baptismi
938 2657 1036 2700 sacre-

58 2739 212 2794 menlum.
226 2731 291 2791 llnc
303 2737 404 2792 autam
419 2728 530 2810 duplex
545 2747 641 2810 genus
655 2728 800 2792 laicorum
820 2727 858 2790 ad
872 2727 1036 2792 Ecclesiam

58 2819 187 2904 quidem
203 2835 265 2881 non
278 2818 445 2900 perlinent,
461 2818 533 2899 quia
542 2816 678 2881 nondum
689 2817 879 2898 suntdeejus
892 2834 1035 2899 corpore;

57 2915 195 2973 atmmcn
210 2925 271 2969 oon
286 2906 413 2968 omnino
426 2915 497 2970 suot
510 2906 548 2968 ab
563 2907 694 2969 Ecclesia
707 2905 813 2980 alieni,
827 2909 898 2969 clam
913 2913 1037 2968 tenean-

57 3005 112 3063 tur
126 2999 223 3080 ipsam
237 2995 354 3077 ingredi
363 3043 372 3072 ,
381 2995 574 3077 vicissimque
588 2995 721 3059 Ecclesia
738 2993 846 3058 debeat
858 2994 974 3058 eisdem
987 3013 1037 3058 ve-

58 3106 129 3152 ram
146 3085 322 3166 religionem
333 3085 545 3166 evangelizare,
558 3103 670 3166 cosque
679 3086 710 3146 in
724 3085 802 3146 viam
818 3086 933 3162 salutis,
944 3103 1039 3166 quan-

58 3185 128 3242 tum
153 3175 217 3237 lieri
236 3181 352 3256 potest,
377 3173 587 3250 introducere,
606 3176 691 3254 juxta
713 3173 778 3238 haec
799 3174 905 3236 Christi
926 3175 1035 3235 verha:

62 3291 80 3329 a
101 3266 219 3330 Ecaten
232 3263 326 3326 docete
335 3283 429 3326 amnes
440 3272 546 3345 acutas,
562 3263 742 3346 baptizantes
755 3283 800 3326 eas
809 3264 841 3324 ia
852 3261 967 3322 nominc
987 3265 1040 3321 l’a·

58 3381 74 3419 n
104 3356 182 3428 tris,
199 3362 255 3416 etc.
275 3375 290 3412 n
308 3354 349 3432 (S.
366 3353 483 3426 March,
496 3370 524 3416 c.
540 3356 594 3430 28,
611 3372 640 3414 v.
654 3357 713 3430 ta).
731 3351 870 3433 Baplicali
887 3357 988 3411 autem
1002 3347 1039 3411 ad

59 3444 230 3512 Ecclesiam
246 3443 410 3524 pertinent,
427 3443 544 3524 ipsique
568 3460 621 3524 per
643 3442 826 3524 baptismum
848 3438 1040 3519 incorporan-

59 3546 112 3598 tur
132 3553 139 3593 :
156 3533 195 3594 ab
217 3533 281 3613 ipsa
310 3539 410 3594 lamen
429 3550 483 3612 per
501 3531 867 3602 excommunicationem,
891 3526 1039 3603 schisma,

59 3622 205 3688 haeresim
228 3621 455 3692 abscinduntur,
486 3621 590 3682 sallem
618 3619 642 3681 si
663 3619 728 3680 haec
747 3617 922 3679 denuntiata
949 3621 1038 3677 sunl:

60 3711 204 3790 utramvis
217 3716 247 3772 el
260 3711 434 3770 etiamtunc
449 3709 503 3788 ipsi
517 3708 716 3788 subjiciantur
724 3725 760 3768 aa
767 3704 890 3767 obedire
899 3703 1038 3768 debeant.
