2534 3996
234 243 295 304 itit
453 255 590 300 maroam
611 253 712 301 aorrus
731 254 814 302 suere
834 251 982 301 omouror.

234 350 313 415 ultra
327 367 490 413 numerum
504 367 558 430 per
571 354 713 412 statutum
727 349 774 412 vel
793 345 1067 410 immemorabilem
1083 365 1202 414 eonsue-

233 439 371 503 tudiuem
394 437 568 513 firmatum,
595 455 666 500 eum
689 436 891 520 assignatione
914 454 999 499 nove
1026 436 1201 518 prebenda,
1249 509 1250 532 χ

234 527 438 609 recipiuntur,
452 525 673 589 observandum
687 523 844 608 estquod,
866 525 897 588 in
910 525 969 588 boo
985 542 1079 600 casu,
1094 525 1204 588 etiamsi

234 623 341 698 agatur
357 615 396 679 de
414 614 550 696 Capitulo
566 623 744 692 numerato,
768 633 830 678 non
848 621 894 677 est
909 631 986 696 opus
1005 620 1038 676 ut
1056 613 1205 692 derogatio

234 705 312 769 laeta
340 722 467 768 numero
489 703 688 767 determinato
710 703 747 766 sit
770 721 928 785 expresso3
958 720 1029 764 nam
1053 701 1205 784 prelatio
1250 698 1251 790 l

235 793 354 857 numeri
381 792 449 856 ideo
475 792 525 870 lit,
541 810 580 855 ne
597 793 702 856 Mensa
723 791 900 874 capitularis
919 789 1067 854 sustinere
1086 800 1205 872 cogatur
1250 793 1251 806 ¹

234 884 382 962 majorem
403 899 566 945 numerum
579 884 673 964 quam
691 879 769 944 lerre
783 886 909 962 possunt
923 880 1018 961 ipsius
1038 879 1204 957 facultatem
1250 925 1251 936 ,

235 971 287 1033 sed
298 989 370 1034 casu
384 989 446 1052 quo
455 970 624 1050 assignatur
635 987 709 1034 nova
720 967 893 1051 prebenda,
903 968 977 1030 nihil
986 975 1032 1031 est
1040 969 1206 1032 timendum
1250 963 1251 990 ³

239 1059 354 1136 simile;
368 1077 441 1142 ergo
459 1058 644 1122 taciturnitas
658 1058 788 1130 numeri,
803 1057 834 1119 in
848 1056 906 1120 hoo
926 1076 1016 1136 oasu,
1032 1075 1095 1120 non
1116 1057 1208 1121 inlicit

238 1148 365 1231 grauem
378 1147 584 1230 apostolicam.
601 1147 677 1210 vare
690 1147 803 1224 uorax,
818 1147 863 1210 oe
878 1145 1040 1228 Capitulio,
1054 1167 1085 1230 p.
1103 1149 1171 1211 aas.

506 1297 544 1343 ba
565 1295 718 1344 cattomcls
738 1295 927 1346 notionibus.

274 1411 364 1473 abab.
376 1406 521 1470 canonici
534 1405 709 1476 Honorarii,
726 1411 761 1470 ut
772 1424 863 1488 supra
875 1403 1008 1468 diximus
1017 1405 1129 1486 (2169),
1141 1425 1210 1470 sum

236 1497 278 1560 rlli
292 1499 344 1580 qui
359 1497 424 1560 sine
439 1495 602 1579 prebenda
614 1502 645 1558 et
654 1495 722 1576 jure
735 1493 773 1558 ad
789 1495 875 1556 illam
889 1493 979 1557 etiarn
996 1493 1143 1570 suturam,
1160 1515 1211 1558 no

236 1605 306 1650 men
322 1593 352 1650 et
365 1585 495 1668 insignia
504 1584 660 1662 canonici,
671 1589 724 1646 aut
737 1582 775 1646 ad
789 1582 1001 1662 summumjus
1014 1583 1090 1645 stalli
1103 1601 1209 1647 conse·

257 1675 382 1740 uuntdr.
1252 1737 1253 1742 ,

236 1696 256 1759 q
276 1763 455 1848 Huiusmodi
469 1763 632 1827 canonicos
644 1761 757 1825 institui
772 1761 1084 1844 possehodieoertum
1095 1761 1212 1826 videtur

235 1874 274 1918 ex
295 1855 384 1916 variis
404 1855 436 1916 S.
459 1853 492 1914 C.
515 1853 607 1914 Cone.
630 1849 853 1928 decisionibus,
868 1857 898 1914 et
918 1851 1083 1932 praesertim
1104 1855 1139 1913 l'l
1157 1853 1211 1914 de·

236 1943 336 2007 oemb.
354 1945 446 2014 1808,
461 1940 493 2002 in
513 1944 603 2004 eausa
621 1939 831 2023 Fulginatensr'
848 1939 914 2022 (ap.
936 1941 1045 2019 Bouin,
1060 1941 1104 2004 De
1120 1941 1212 2025 Copi-

238 2032 322 2106 tuta,
338 2033 536 2113 puta-153).
889 2067 892 2074 ⁴

277 2121 331 2184 lile
345 2127 444 2183 autem
464 2123 504 2182 28
521 2118 641 2198 januar.
662 2121 759 2194 1837,
779 2117 837 2182 hoe
861 2116 894 2180 in
916 2119 1064 2200 congreg.
1087 2119 1215 2182 Goneilii
1253 2143 1254 2206 j

236 2209 442 2293 proferebatur
465 2227 473 2270 τ
502 2229 518 2267 o
540 2207 626 2281 Quod
647 2207 684 2270 ad
706 2207 864 2270 Ceramicos
884 2207 1069 2270 Honororioa
1086 2209 1214 2286 attinet,

237 2322 252 2360 a
276 2297 575 2362 animadvertendum
596 2303 643 2359 est
666 2295 766 2378 qudd,
782 2296 852 2359 lieet
870 2297 958 2359 oautd
988 2295 1155 2359 admodum
1178 2298 1215 2362 ad

237 2411 252 2448 r>
277 2405 383 2451 eorum
407 2387 623 2449 institutionem
648 2384 873 2468 procedendum
897 2385 949 2458 sit,
973 2391 1075 2448 tauren
1100 2405 1215 2450 novum

237 2501 252 2538 o
278 2483 403 2540 nonest
423 2474 637 2558 utaliquando
659 2474 851 2538 instituantur
868 2475 1011 2538 Canonioi
1032 2475 1217 2556 Honorerii,

237 2590 252 2628 a
277 2567 328 2631 ubi
345 2565 374 2628 id
390 2565 520 2647 postulat
535 2564 675 2627 Ecclesiae
690 2564 930 2627 necessitas..:ut
943 2563 967 2626 si
981 2565 1033 2645 qui
1048 2565 1220 2628 Cononieo-

237 2680 252 2717 a
278 2673 344 2720 rum
363 2654 447 2716 senio
461 2652 609 2730 conlecti,
625 2651 798 2716 infirmitate
813 2652 1001 2727 laborantes,
1016 2652 1062 2714 vel
1080 2653 1219 2735 legitime

239 2769 255 2809 a
277 2743 412 2828 impediti
434 2743 641 2825 reperiantur,
661 2759 768 2804 eorum
791 2742 950 2824 suppleant
971 2739 1104 2804 odicium
1108 2789 1175 2806 .....
1200 2766 1216 2802 a

242 2835 381 2898 Thesaur.
404 2832 539 2912 resolut„
559 2839 634 2894 tom.
656 2831 769 2907 XCVll,
791 2849 823 2912 p.
847 2834 906 2910 ll,
925 2849 974 2913 ap.
996 2831 1108 2904 Bouix.
1126 2831 1219 2912 thid,

238 2943 259 3006 p
277 3010 532 3073 emblematum
550 3009 622 3071 estd
635 3027 697 3090 quo
710 3013 847 3090 tempore
860 3009 1026 3073 exstiterint
1038 3007 1220 3090 hujusmodi

238 3097 396 3174 Canonici3
408 3097 502 3161 multa
515 3097 640 3178 quidem
651 3097 682 3158 in
693 3096 849 3180 praeteritis
862 3099 979 3162 saeculis
992 3105 1064 3162 sunt
1076 3101 1221 3182 exempla

238 3187 476 3270 Episcoporum,
491 3203 599 3267 regum
609 3185 800 3267 aliorumque
816 3185 980 3269 insignium
994 3187 1150 3267 virorum,
1166 3189 1220 3270 qui

239 3277 328 3339 certis
342 3272 483 3356 Capitulis
497 3290 608 3336 nomen
623 3273 735 3337 dabant
747 3284 777 3336 et
790 3272 829 3336 ab
843 3274 914 3357 ipsis
929 3283 960 3338 ut
970 3275 1075 3338 lratres
1087 3277 1222 3358 recipie·

240 3365 360 3438 bantur,
385 3363 561 3445 intorques
588 3364 704 3426 eminet
724 3363 847 3425 Carolus
870 3365 1013 3446 Magnus,
1040 3383 1104 3427 non
1126 3365 1224 3428 unius

240 3451 366 3533 Capituli
382 3451 433 3514 sed
451 3451 584 3532 plurium
599 3451 788 3528 canonicum
804 3451 857 3514 sod
872 3471 932 3515 non
947 3453 1042 3541 liquet
1053 3473 1093 3516 an
1108 3453 1224 3533 hujus·

241 3539 321 3602 modi
340 3541 477 3604 oaoorriei
493 3541 604 3604 luerint
622 3541 705 3603 mere
719 3538 890 3620 honorarii,
906 3542 945 3604 ita
958 3541 1072 3606 scilieet
1092 3551 1129 3606 ut
1151 3543 1225 3606 nul·

242 3629 306 3692 lum
321 3629 393 3712 ipsis
406 3649 442 3692 ex
459 3631 630 3712 receptione
646 3629 696 3708 jus
713 3629 887 3708 obveniret,
903 3631 985 3693 nulla
998 3631 1146 3708 obligatio
1164 3633 1228 3694 im·
