2528 3996
464 308 549 353 crasa
570 309 686 356 antuus.
1010 299 1063 360 581

104 405 292 492 suetudinem
306 407 463 470 immutata
477 407 602 470 omnino
617 407 720 472 fuisset
740 408 853 493 Religio
865 460 874 490 ,
888 419 919 475 et
937 415 1070 496 aprinci-

104 498 158 560 tiae
186 497 262 563 facta
287 497 393 561 fuisset
416 495 552 574 diversa;
581 503 612 559 et
638 498 707 562 ideo
730 498 862 564 diximus
888 504 1070 585 regulariter

104 585 249 670 loquendo.
416 585 419 598 '

141 675 229 739 3034.
252 676 288 744 Si,
307 675 378 738 verd
399 674 571 739 reformatio
586 677 636 740 fiat
656 679 831 742 auctoritate
845 681 1014 762 pontificia,
1031 683 1069 746 ad

104 784 168 828 eam
186 763 402 829 observandam
426 765 549 847 obligari
573 774 700 848 possunt
718 767 808 830 etiam
832 770 961 852 religiosi
982 779 1071 834 antea

105 854 244 937 professi,
268 855 330 916 sire
360 873 414 936 per
436 853 691 936 dispensationem
715 857 908 938 apostolicam
932 859 993 923 sire
1015 880 1069 942 per

106 943 352 1008 consuetudinem
378 943 525 1025 mitigatio
555 944 677 1008 inducta
702 943 806 1008 fuisset
834 965 842 1008 τ
872 947 962 1012 habet
987 951 1070 1011 enim

107 1036 137 1096 S.
153 1032 285 1096 Pontifex
300 1052 355 1116 pro
370 1031 450 1095 bono
464 1033 603 1096 Ecclesiae
612 1034 809 1097 sufficientem
824 1035 861 1098 ad
875 1035 933 1099 hoc
946 1039 1071 1102 auctori·

105 1131 205 1202 tatem,
220 1130 254 1188 ut
265 1123 396 1187 diximus
409 1124 440 1184 in
455 1123 631 1204 praecedenti
646 1125 856 1206 responsione,
872 1144 933 1188 non
947 1127 1070 1207 quidem

105 1215 218 1276 ratione
232 1211 383 1295 potestatis
401 1211 608 1289 dominatae,
624 1211 676 1274 sed
694 1213 799 1276 saltem
813 1215 840 1276 vi
856 1233 918 1277 suae
929 1216 1069 1296 jurisdic-

105 1303 193 1366 tionis
209 1322 216 1364 :
233 1303 347 1365 ratione
364 1303 446 1365 enim
461 1301 612 1382 potestatis
629 1301 834 1380 dominatirae,
856 1322 909 1366 seu
924 1313 1070 1386 quatenus
1099 1299 1102 1304 ’

104 1394 220 1474 primus
238 1393 391 1474 Superior,
412 1399 525 1452 tantam
539 1389 683 1452 duntaxat
702 1399 874 1472 potestatem
890 1393 978 1455 habet
992 1397 1071 1476 Papa

105 1492 248 1562 quantam
269 1479 400 1563 possidet
415 1480 557 1562 Superior
571 1479 725 1542 Generalis
745 1499 815 1544 cum
833 1481 967 1562 Capitulo
981 1485 1071 1546 totius

106 1571 234 1634 Ordinis.

146 1664 233 1724 3035.
257 1661 318 1722 Nec
332 1659 489 1738 objiciatur
511 1657 591 1720 haud
605 1677 708 1740 posse,
724 1659 812 1721 etiam
828 1659 1021 1736 irPontifrce,
1037 1681 1072 1724 ea

107 1749 302 1834 imponique
316 1755 385 1811 sunt
398 1751 515 1810 tantum
525 1747 563 1809 de
573 1747 719 1809 consilio:
736 1766 807 1809 nam
821 1751 976 1830 supposito
989 1751 1072 1813 Statu

106 1840 244 1921 religioso
265 1837 357 1900 libere
381 1843 557 1918 assumpto,
578 1843 673 1918 potest
695 1839 726 1900 S.
751 1837 886 1899 Pontifex
911 1856 947 1900 ea
970 1840 1073 1902 omnia

104 1927 252 2011 religiosis
266 1927 421 2008 imponere
435 1944 503 2007 quae
513 1925 550 1988 ad
559 1925 652 2008 ipsius
665 1926 817 2007 religionis
831 1926 945 1990 bonum
955 1933 984 1990 et
997 1929 1073 1991 utili-

104 2027 198 2083 tatem
214 2017 309 2099 magis
322 2014 761 2098 conducereralent2alioquin
772 2015 915 2078 deficeret
928 2016 958 2078 in
972 2017 1073 2099 aliquo
1130 2081 1132 2086 ,
1252 2005 1253 2076 J

104 2111 201 2192 ipsius
213 2107 302 2188 plena
316 2111 346 2167 et
363 2103 493 2187 perfecta
515 2111 643 2187 potestas
665 2105 828 2168 Ecclesiam
842 2105 1029 2186 gubernandi
1044 2117 1074 2170 et

105 2197 328 2281 ipsiusbcnum
343 2195 547 2278 promovendi.
720 2279 721 2282 Ἴ
1071 2241 1079 2258 ,

148 2291 235 2351 3036.
259 2287 432 2361 Caeterum,
455 2285 635 2364 regulariter
658 2283 811 2366 loquendo,
836 2291 905 2348 ante
927 2285 1072 2349 lactantia

106 2377 241 2460 legitima
254 2375 428 2438 auctoritate
442 2375 701 2446 reformationem,
718 2374 860 2453 Superior
875 2376 978 2454 nequit
997 2376 1075 2436 obli·

107 2485 179 2550 gare
193 2483 281 2529 suurn
298 2463 451 2527 subditum
465 2461 503 2524 ad
527 2461 703 2524 servandam
722 2462 901 2543 primitivam
917 2463 1072 2542 regulam:

105 2558 181 2640 qnia
202 2555 387 2637 Religionem
399 2554 484 2632 juxta
500 2569 568 2614 eam
587 2558 706 2613 nonest
724 2549 889 2631 professus;
905 2553 1075 2632 excipiendi

108 2653 179 2710 sunt
189 2652 288 2706 tamen
298 2643 359 2705 duo
368 2659 472 2704 casus:
486 2646 516 2704 l⁰
526 2642 550 2704 si
561 2643 591 2703 in
601 2657 722 2722 paenam
729 2638 829 2700 delicti
837 2638 1076 2702 observationem

105 2735 267 2820 primitivae
288 2731 401 2814 regulae
415 2732 558 2812 Superior
571 2728 763 2812 preciperet3
777 2730 808 2788 2⁰
822 2726 845 2788 si
859 2726 1007 2790 reductive
1020 2730 1077 2793 sub
1158 2766 1162 2778 ·

107 2825 224 2904 regula,
239 2822 366 2906 qualiter
388 2837 456 2883 eam
474 2818 625 2902 professus
637 2824 699 2894 est,
714 2815 986 2898 comprehendatur
999 2821 1077 2882 resa
1140 2819 1143 2824 '

107 2914 271 2995 Superiora
283 2917 429 2994 praecepta
442 2957 450 2988 ,
462 2909 542 2991 quod
557 2908 676 2970 evenire
689 2907 811 2989 quidem
826 2912 934 2988 potest,
949 2907 999 2971 sed
1016 2929 1076 2972 non

106 3021 254 3085 semper:
276 3009 382 3084 prout,
397 3019 426 3064 v.
443 3019 473 3082 g.
495 2999 520 3061 si
542 2998 598 3060 tria
609 2997 723 3078 jejunia
744 2995 781 3058 ad
795 2995 856 3059 duo
873 3015 927 3078 per
945 2999 1078 3079 singulas

107 3091 315 3155 hebdomadas
346 3089 470 3153 reducta
501 3087 645 3166 lusissent,
678 3086 799 3148 tertium
829 3087 977 3166 jejunium
1006 3089 1078 3149 nilril

106 3182 227 3246 confert
241 3199 298 3244 nec
308 3197 477 3244 consonum
488 3187 532 3240 est
542 3177 652 3259 regulae
666 3177 806 3256 mitigatae
820 3194 827 3236 :
840 3176 965 3256 proinde
978 3178 1034 3238 sub
1044 3181 1079 3238 ea

109 3289 170 3334 nec
185 3270 343 3348 indirecte,
360 3287 417 3332 nec
430 3266 581 3330 reductive
595 3263 870 3347 comprehenditur.
885 3265 958 3325 Vide
973 3265 1077 3342 Bouix,
1157 3277 1162 3286 ·

111 3361 157 3423 De
173 3361 327 3442 Regulam,
342 3367 416 3421 tom.
428 3363 467 3433 2,
484 3377 514 3439 p.
530 3359 671 3418 lactea.

152 3453 243 3513 3037.
265 3450 389 3523 Quaerit.
411 3452 442 3512 8·
460 3449 605 3520 Quaenam
619 3445 656 3506 sit
676 3445 887 3526 Superiorissre
905 3443 1081 3506 monialium

109 3540 265 3624 potestas?

156 3631 245 3711 ltesp.
263 3631 294 3692 l⁰
307 3629 367 3691 lltsi
383 3627 540 3702 mulieres,
561 3626 643 3706 juxta
665 3642 860 3688 communem
882 3625 1081 3701 sententiam,

113 3735 179 3786 non
193 3721 253 3780 sint
263 3719 332 3798 jure
344 3717 445 3780 divino
459 3719 616 3800 incapaces
632 3713 847 3793 jurisdictionis
860 3714 1082 3790 ecclesiasticae,
