2534 3996
199 297 259 362 370
425 309 565 361 armans
584 301 686 360 tortus
705 311 787 359 ronrs
808 297 960 362 canona:

200 417 337 478 auctores
355 410 436 476 idam
464 416 642 487 asserentes,
663 407 798 480 Gohard.
814 409 966 486 Ducasse,
981 407 1099 484 Gibert,
1114 412 1180 473 etc.

239 503 328 565 2382.
352 500 471 575 Quaerit
489 502 523 562 6ο
543 501 607 572 Oua
623 498 739 561 ratione
752 504 820 561 vota
837 497 899 560 sint
911 496 1011 560 danda
1032 497 1064 560 in
1087 498 1181 581 (lapi-

201 589 286 653 tulo‘t

240 682 329 762 Resp.
347 679 484 742 Diximus
500 696 592 760 supra
605 678 842 759 (aaa-too-toa)
856 676 1012 758 quomodo
1034 675 1181 758 suffragia

202 769 368 832 sintdanda
381 767 503 851 quando
517 768 617 850 agitur
630 766 668 829 de
682 765 880 830 electionibus
896 785 903 826 :
919 765 1073 828 inoaeteris
1087 775 1183 830 mate

203 854 1183 938 riis,modussuilragiaemittendiejurecommuninonestdeter-

203 947 354 1021 minatus,
370 945 451 1008 unde
466 944 609 1027 pendete
623 942 892 1008 consuetudinibus
905 943 951 1006 vel
966 944 1083 1006 statutis
1097 944 1181 1006 loea-

204 1035 292 1097 libus.
318 1034 393 1097 Vide
413 1033 493 1115 apud
511 1037 547 1097 D.
572 1035 667 1097 Bouix
686 1033 832 1116 quasdam
852 1032 964 1096 formas
984 1050 1054 1116 quae
1068 1034 1182 1097 utiliter

204 1130 332 1208 possunt
345 1123 478 1188 adhiberi
495 1123 590 1200 (itia,
604 1144 634 1206 p.
651 1127 731 1200 205).

245 1214 306 1274 Nisi
322 1215 340 1276 d
351 1213 419 1292 jure
432 1214 588 1276 communi
604 1219 656 1275 aut
670 1211 1016 1294 statutiscapitnlaribus,
1026 1212 1083 1274 sul)
1095 1211 1183 1276 clau-

205 1303 423 1378 sultirritantc,
435 1305 642 1385 praescriptum
651 1302 738 1364 luerit
749 1302 1096 1384 sulliagiumsecretum‚
1104 1307 1184 1367 valet

207 1391 286 1474 quod
302 1392 443 1455 cononici
458 1393 522 1454 virt
536 1411 609 1454 voce
623 1391 819 1455 concludunt.

246 1485 335 1544 2383.
359 1481 485 1555 Quando
496 1481 667 1564 proceditur
679 1500 733 1563 per
745 1481 825 1544 viam
836 1477 969 1562 suffragii
984 1483 1103 1558 secreti,
1119 1499 1185 1545 uon

206 1574 323 1633 tantiam
338 1572 510 1652 arguendus
525 1581 569 1634 est
587 1571 744 1653 ecapituli
764 1569 891 1652 praesida
906 1571 959 1652 qui
974 1569 1066 1633 audet
1078 1579 1186 1635 votum

208 1677 296 1722 suum
307 1660 406 1742 palam
420 1660 533 1736 lacere,
549 1660 602 1723 sed
613 1679 671 1742 pro
680 1661 729 1722 illa
739 1661 803 1723 vice
817 1661 847 1721 in
859 1677 979 1742 poenam
991 1659 1187 1742 repellendus

209 1756 253 1812 est
266 1751 282 1810 l
296 1749 396 1810 dando
410 1759 525 1812 secreto
543 1749 696 1832 suffragio.
712 1753 755 1812 Ita
770 1750 968 1832 Ceccoperius
986 1752 1046 1832 (ap.
1064 1751 1185 1830 Bouix,

210 1837 263 1913 it,
280 1857 310 1920 p.
327 1842 386 1900 666
400 1847 430 1901 et
443 1841 526 1918 20⁵1).
544 1840 618 1901 Vide
632 1857 723 1920 supra
737 1842 829 1918 (tou).

249 1929 315 1990 Non
330 1935 400 1989 sunt
414 1928 617 2009 computande
630 1935 697 1990 vota
712 1930 841 2008 incerte,
865 1928 1059 2010 alternative,
1074 1930 1187 1994 eondi-

209 2017 337 2092 tionate,
353 2023 383 2078 et
397 2017 522 2079 inutilia.
540 2017 614 2080 Vide
628 2036 717 2098 supra
732 2019 821 2097 (loti).

249 2107 337 2168 2384.
362 2109 427 2168 Non
438 2105 622 2187 prohibetur,
638 2115 705 2188 post
719 2107 877 2188 repetitum
892 2106 939 2170 bis
952 2115 1003 2171 aut
1015 2114 1061 2171 ter
1074 2112 1186 2192 scruti-

210 2194 313 2272 nium,
329 2213 382 2276 per
396 2201 507 2257 sortem
522 2195 621 2258 dirimi
631 2195 804 2259 dubrumex
815 2196 938 2279 paritate
951 2206 1089 2260 votorum
1105 2200 1187 2262 inter

211 2285 271 2346 duo
284 2283 459 2346 divisorum.
476 2285 593 2365 (donin,
610 2284 695 2364 itia.)

249 2373 435 2436 recollata
458 2391 494 2436 ex
509 2375 640 2436 Gav'auto
664 2377 705 2452 (v⁰
729 2373 913 2458 Capitulum,
941 2375 981 2437 n¹'
996 2379 1047 2451 32,
1066 2379 1117 2450 33,
1134 2381 1185 2457 36)

211 2462 293 2544 quod
304 2463 505 2526 Cancellarius
519 2471 584 2525 acta
597 2462 726 2526 scribere
736 2463 843 2526 debeat
853 2465 884 2526 in
898 2473 980 2527 certo
994 2465 1071 2527 libro
1084 2467 1137 2548 qui
1152 2469 1184 2529 in

211 2552 338 2616 archivis
360 2559 533 2636 reponatur.
560 2552 591 2615 Si
612 2571 675 2614 non
697 2553 735 2616 sit
756 2553 976 2628 cancellarius,
997 2555 1126 2637 eligatur
1145 2557 1184 2620 ad

212 2641 380 2706 biennium.

253 2733 389 2812 Sigillum
413 2731 540 2814 Capituli
560 2738 754 2795 conservetur
769 2731 800 2795 in
820 2734 962 2816 Capsuld,
975 2752 1044 2817 quae
1064 2733 1185 2800 duabus

213 2821 345 2884 clavibus
357 2822 543 2903 obsignetur,
558 2839 688 2903 quarum
707 2823 798 2885 altera
814 2823 850 2885 sit
863 2825 943 2906 apud
961 2824 1151 2906 designatum
1166 2829 1183 2891 d

213 2911 366 2990 Capitulo,
392 2911 483 2972 altere
506 2929 599 2993 penes
621 2911 766 2991 Majorom
785 2913 925 2996 Capituli.
951 2917 994 2978 lta
1016 2916 1048 2978 S.
1070 2916 1182 3000 Congu.

213 2999 367 3080 Episcop,
384 3001 421 3062 {3
434 3007 522 3062 mart.
539 3004 629 3063 1615.

253 3088 356 3161 Quoad
371 3089 527 3165 ontinem,
544 3089 669 3154 modum
679 3099 710 3152 et
721 3109 891 3174 congruum
908 3101 1027 3179 tempus
1041 3115 1104 3179 quo
1121 3096 1184 3160 lieri

214 3177 319 3240 debeat
332 3179 503 3260 capitularis
516 3179 736 3256 tractatio,vide
750 3200 799 3263 ap.
816 3185 851 3244 tt.
871 3185 964 3246 Bouix
979 3189 1182 3266 (padi-209).

254 3271 342 3332 2386.
353 3269 474 3340 Quaerit.
486 3273 519 3329 ’1ο
529 3273 575 3329 An
585 3269 727 3332 Canonici
735 3273 938 3335 teneanturad
948 3277 1185 3338 secretumciroa

214 3373 249 3417 ea
263 3376 330 3437 quae
344 3363 489 3438 geruntur
502 3365 554 3418 aut
566 3357 708 3422 dicuntur
722 3357 753 3420 in
767 3360 925 3443 Capitulari
941 3363 1045 3429 coetul

254 3448 343 3525 llesp.
363 3447 417 3507 Jus
437 3463 599 3508 commune
618 3448 706 3510 silere
719 3449 844 3530 quidem
858 3450 895 3514 de
909 3449 966 3514 hec
983 3453 1182 3536 obligationc5

215 3539 344 3595 attamen
363 3552 443 3614 saepe
456 3537 630 3615 contingere
651 3545 746 3619 potest
760 3539 840 3622 quod
854 3541 996 3602 Cauonici
1014 3561 1075 3606 non
1094 3547 1183 3608 sinte

215 3629 337 3703 peccato
350 3622 502 3686 immunes
514 3625 537 3686 si
549 3623 703 3706 divulgent
716 3627 847 3690 dictaret
863 3647 982 3711 perer-a
997 3631 1025 3691 in
1039 3641 1119 3694 coetu
1133 3637 1182 3697 Ca·

215 3710 355 3792 pitulari,
370 3711 410 3773 ob
430 3711 668 3778 inconvenientia
688 3735 756 3796 qua
776 3717 884 3782 exinde
898 3725 999 3784 essent
1015 3723 1180 3801 exoriturum
