2534 3996
223 276 285 340 390
443 288 577 345 nrnrs‘m
595 290 696 340 rossus
714 283 798 332 sunu
818 285 949 332 aaronica

650 483 739 570 sn.

235 645 358 728 Ecjare
369 654 399 708 et
411 645 588 728 ollipatione
609 641 744 727 Capituli
755 607 927 703 admonerdi
944 639 1122 722 Episcopum
1135 636 1163 698 si

370 749 493 833 qnando
505 748 613 831 [acted
628 755 706 810 recto
721 745 841 808 tramite
854 743 1015 806 aberraret.

255 933 344 996 2438.
366 933 456 994 Juxta
475 929 641 992 doctrinam
662 926 840 990 catholicam
862 931 1004 988 tenentur
1019 943 1144 1000 omnes,
1159 923 1185 986 si

217 1041 304 1084 casus
326 1021 442 1101 exigat,
460 1018 508 1080 *ad
532 1018 750 1081 correctionem
773 1015 935 1078 fraternam
950 1033 957 1075 :
973 1013 1010 1076 ad
1024 1015 1083 1077 hoc
1095 1014 1187 1076 etiarn

218 1109 379 1190 aliquando
402 1107 496 1169 teneri
519 1112 646 1189 possunt
670 1105 825 1167 inferiores
852 1123 923 1186 erga
945 1103 1130 1184 superiores,
1152 1110 1187 1166 ut

219 1206 335 1260 constat
347 1196 486 1279 exemplo
500 1198 531 1259 S.
549 1195 631 1258 Pauli
650 1214 720 1276 erga
735 1196 766 1256 S.
787 1196 920 1255 Petrum.
938 1193 1012 1254 Vide
1026 1192 1098 1254 alias
1111 1211 1188 1254 auc·

219 1287 349 1348 toritates
363 1306 412 1368 ap.
433 1289 470 1348 D.
486 1285 581 1348 Bouix
594 1285 650 1366 <Dc
665 1281 812 1365 Capitol,
828 1303 858 1364 p.
875 1281 1021 1361 roa-too)
1041 1301 1049 1342 ι
1069 1291 1187 1349 certum

220 1386 264 1440 est
277 1375 511 1438 admonitionem
527 1374 637 1436 dehere
659 1379 732 1435 tunc
745 1373 810 1434 fieri
829 1375 949 1434 cumea
969 1372 1135 1434 reverentia
1157 1379 1188 1434 et

221 1465 384 1526 numilitate
399 1483 466 1546 qna
480 1472 509 1526 et
519 1463 690 1526 inferiorem
705 1461 917 1522 admonentem
931 1465 962 1522 et
974 1459 1119 1522 admoniti
1134 1463 1188 1523 Su-

221 1553 345 1634 perioris
359 1553 533 1633 dignitatem
547 1551 665 1614 decent.
689 1550 776 1614 Unde
791 1549 949 1632 Apostolus
963 1549 1003 1610 ait
1019 1569 1026 1610 :
1048 1573 1062 1610 u
1081 1551 1189 1611 Senio-

219 1665 235 1702 ι)
260 1661 324 1704 rem
338 1661 377 1704 ne
395 1644 609 1723 increpaveris,
624 1640 676 1702 sed
691 1637 814 1702 obsecra
829 1647 861 1701 ut
876 1645 1001 1720 patrem.
1023 1661 1038 1697 a
1057 1641 1150 1701 Porrd
1165 1643 1190 1702 si

220 1730 284 1793 herc
298 1750 367 1793 vera
381 1731 441 1792 sint
453 1730 491 1792 de
508 1730 750 1812 quibuscumque
767 1728 966 1805 interioribus⁷
983 1727 1127 1790 afortiori
1143 1731 1189 1791 in-

219 1819 311 1882 dubia
326 1839 390 1881 esso
404 1820 514 1882 debent
528 1820 566 1879 de
580 1819 714 1899 Capitale
726 1837 732 1877 :
744 1817 860 1880 cirmad
874 1817 905 1878 id
919 1817 1086 1879 institutum
1102 1817 1190 1882 fuerit

220 1917 253 1971 ut
264 1909 301 1969 sit
316 1908 340 1970 C
341 1909 478 1968 cnsilium
492 1916 580 1988 calpae
600 1907 724 1968 Senatus
742 1906 900 1988 Episcopi,
925 1913 955 1969 ct
975 1905 1081 1969 debeat
1101 1909 1189 1969 ell'or·

221 2015 304 2059 name
319 1997 402 2076 quasi
414 2015 510 2058 rrnrnn
520 2015 629 2077 corpus
644 2013 713 2058 cum
728 2015 775 2057 eo.
793 1999 916 2075 Urgeret
929 2001 1031 2057 autem
1045 1996 1190 2059 haecobli-

222 2086 312 2164 gestio,
327 2094 355 2146 et
370 2085 492 2165 quidem
507 2085 563 2146 suli
577 2085 668 2162 grad,
685 2087 708 2145 si
725 2083 820 2164 (quod
836 2089 915 2146 Deus
927 2087 1047 2164 avertat)
1066 2086 1189 2168 Episco-

222 2192 278 2254 pus
293 2175 449 2234 mnliretnr
462 2173 573 2254 aliquid
590 2180 694 2235 contra
709 2171 800 2234 fidem
814 2181 866 2234 aut
879 2173 1019 2236 Ecclesia
1030 2175 1114 2253 jura3
1130 2176 1191 2238 imd

222 2271 293 2324 tunc
309 2267 458 2324 teneretur
469 2280 504 2323 ea
518 2263 554 2323 ad
569 2263 600 2324 S.
618 2261 702 2324 Sedis
716 2263 850 2323 notitiam
864 2261 990 2325 deferre.

261 2354 349 2412 2t39.
375 2353 398 2410 Α
421 2351 556 2431 Capilnlo
570 2350 726 2412 admoneri
741 2351 831 2413 etiam
852 2351 975 2413 deberet
988 2351 1154 2436 Episcopus
1167 2356 1189 2416 si

223 2440 389 2502 residentia}
421 2439 519 2522 legem
541 2440 697 2502 observare
727 2441 901 2522 negligeret.
931 2445 1072 2521 «Tunc,
1095 2443 1191 2526 inquit

222 2552 237 2588 a
262 2530 440 2608 FagnanuS,
455 2529 645 2610 Capitulum,
662 2531 799 2610 quamvis
822 2548 882 2592 non
904 2531 997 2611 possit
1009 2532 1101 2594 citare
1123 2553 1189 2614 pro-

222 2619 361 2699 »prium
388 2618 564 2690 Praemium,
591 2617 637 2680 rel
667 2618 697 2680 in
719 2637 790 2681 eum
819 2620 1069 2698 animadvertere,
1097 2631 1189 2702 potest

222 2729 237 2766 a
262 2715 448 2769 tamencum
465 2707 617 2788 requirere
640 2707 684 2769 vel
705 2726 829 2770 monere
843 2715 877 2770 ut
890 2707 992 2772 redeat
1011 2709 1049 2771 ad
1063 2709 1189 2774 residen-

222 2817 237 2852 s
263 2797 385 2872 tiam...;
399 2805 428 2858 et
441 2815 479 2858 ex
492 2795 663 2876 hujusmodi
679 2796 883 2860 admonitione
898 2797 1064 2879 Episcopus
1075 2799 1188 2862 videtur

222 2906 237 2942 a
262 2885 402 2947 constitui
425 2885 456 2946 in
476 2886 667 2948 contumacia
681 2904 741 2947 non
756 2885 907 2948 residendi
922 2894 950 2948 ct
964 2887 1074 2950 habere
1090 2889 1186 2951 Eccle-

222 2993 238 3030 ι)
262 2973 337 3034 siam
348 2992 402 3053 pro
411 2972 563 3049 derelicta,
579 2982 612 3036 ut
622 2982 778 3058 propterea
793 2977 899 3038 merito
914 2975 963 3038 illa
973 2981 990 3037 a
1000 2979 1031 3038 S.
1047 2977 1188 3041 Pontifice

223 3081 238 3118 a
262 3061 383 3142 spoliari
404 3063 506 3142 possit.
528 3058 548 3122 a
570 3063 753 3144 (Bouix,1)e
777 3063 889 3146 Capit,
904 3085 936 3146 p.
958 3067 1045 3144 469.)
1059 3099 1099 3114 -·
1118 3067 1187 3130 Vide

223 3147 301 3210 dicta
314 3167 404 3230 supra
421 3152 512 3229 (549).

660 3331 678 3414 5
700 3334 761 3397 vn.

406 3483 527 3566 llejurr
543 3486 679 3570 Capituli
692 3491 789 3572 quoad
798 3493 1012 3560 Seminarium.

266 3664 354 3728 arlo.
371 3669 416 3735 De
429 3687 466 3732 eo
484 3667 666 3736 sufficienter
678 3672 809 3740 diurnus
822 3695 913 3757 supra
926 3681 1006 3758 (924,
1021 3679 1102 3753 etad.
