2522 3996
448 249 534 294 11111
555 251 673 298 ruinas.
814 251 826 264 ⁴
1008 239 1047 302 65

122 351 154 407 2·
171 344 274 419 Quoad
297 343 444 408 licentiam
466 349 608 428 operibus
623 350 779 412 servilibus
799 352 920 414 vacandi
943 352 1048 416 diebus

87 433 179 506 lastis,
201 433 245 496 sie
263 434 350 497 habet
368 437 398 496 S.
423 435 543 515 Liguor.
562 437 625 514 (lib.
647 441 727 514 9,10
747 443 816 517 288)
835 460 843 500 ι
862 463 878 498 r
897 443 1048 506 parochus

86 544 99 581 i
119 521 292 602 dispensare
306 529 411 603 polest,
427 522 549 603 quando
564 524 700 587 subditus
715 530 819 608 nequit
832 527 914 590 adire
930 530 1050 609 Episco-

86 635 99 669 a
122 629 208 692 pum,
223 611 276 673 sed
295 612 412 673 tantiam
432 611 470 673 ad
484 617 619 692 tempus,
633 621 662 675 et
683 634 737 695 pro
759 615 861 697 aliquo
880 617 1049 697 particulari

86 723 99 758 u
121 718 200 762 casu.
222 701 274 761 Est
297 699 433 762 doctrina
455 701 671 764 communis¹.
697 727 712 762 a
741 705 824 782 lmd,
850 705 948 786 inquit
970 705 1050 767 idem

88 789 144 852 llib.
161 793 188 863 l,
200 798 233 849 nl
244 790 326 868 199),
337 788 612 866 exconsuetudine‚
627 791 743 854 etiamsi
754 795 793 853 sit
802 791 897 856 facilis
911 811 1051 857 recursus

87 877 119 938 ad
128 878 321 959 Episcopum.

123 966 179 1028 Etsi
199 985 290 1029 causa
311 966 465 1029 laborandi
486 965 534 1028 die
548 967 623 1030 testo
645 969 683 1029 sit
696 969 876 1049 indubitata,
902 989 1052 1053 «semper

88 1079 101 1113 u
122 1061 218 1117 tamen
229 1055 574 1136 petendaestlieenlia...
591 1057 712 1136 quando
725 1059 1051 1138 publicolaborandam

89 1168 101 1204 l
123 1149 164 1206 est
172 1165 180 1220 ;
191 1146 263 1206 cum
274 1143 323 1222 (ad
334 1144 535 1224 Superiorem)
548 1163 608 1205 non
618 1145 656 1205 ad
669 1153 895 1229 quondamque
903 1150 1049 1230 privatum

89 1257 100 1288 a
124 1231 275 1295 hominem
296 1238 409 1314 spectet
423 1232 570 1310 judicium
585 1232 662 1295 ferre
676 1235 714 1297 de
728 1239 848 1298 veritate
862 1255 978 1312 caasae,
995 1236 1050 1299 nisi

89 1347 100 1376 i
123 1319 193 1383 lorte
209 1322 380 1402 periculum
398 1328 476 1382 esset
498 1321 528 1380 in
544 1325 643 1392 irrora,
659 1333 686 1383 et
702 1343 789 1402 grave
811 1323 881 1387 iude
904 1325 1049 1387 damnum

88 1432 100 1464 i
123 1417 298 1490 sequeretur
307 1407 551 1490 Juxtadeoretum
561 1411 670 1490 Cougr.
683 1414 809 1490 concil„
823 1417 858 1474 la
870 1432 919 1494 ap.
936 1417 1023 1475 1197.
1032 1435 1047 1471 a

88 1499 123 1558 lla
138 1497 278 1568 Barbosa,
296 1515 344 1576 ap.
360 1499 397 1558 ll.
414 1496 518 1572 lionis,
537 1499 581 1558 De
595 1499 737 1571 Paroria,
755 1520 786 1581 p.
803 1505 872 1563 319.

122 1589 150 1648 3⁰
174 1609 190 1646 a
210 1589 254 1648 Ex
275 1585 492 1646 consuetudine
515 1587 665 1665 (parochi)
683 1595 810 1667 possunt
828 1589 999 1669 dispensare
1020 1589 1051 1650 iu

88 1697 100 1731 l
123 1675 243 1737 minutis
258 1673 527 1753 etfrequentibus,
552 1677 582 1734 in
600 1675 637 1735 iis
654 1682 756 1736 tamen
776 1676 866 1738 rebus
883 1679 1000 1736 antam
1022 1678 1051 1737 in

89 1789 100 1818 i
122 1764 228 1845 quibus
246 1783 286 1825 ex
307 1761 522 1824 consuetudine
547 1763 751 1825 introductum
765 1772 810 1826 est
829 1765 910 1846 ipsos
927 1763 1052 1846 dispen-

89 1873 100 1908 s
122 1871 223 1914 sare.»
242 1855 276 1914 S.
291 1851 424 1930 Lignea,
441 1850 491 1910 lib.
508 1855 538 1920 3,
555 1872 584 1930 p.
601 1857 670 1914 288.

124 1945 284 2004 11311-11ο
293 1942 326 2000 11
338 1937 560 2019 impedimentis
573 1940 755 2003 matrimonii
765 1942 914 2022 parochus
925 1961 985 2004 non
996 1962 1050 2024 po-

87 2033 138 2090 test
154 2030 278 2110 quidem
297 2027 487 2108 dispensare;
508 2027 561 2088 sed
576 2029 605 2088 in
620 2047 692 2091 casu
713 2033 848 2110 urgentis
868 2034 1052 2094 necessitatis

88 2118 212 2196 quando,
228 2117 342 2200 paratis
356 2115 496 2177 omnibus
510 2116 547 2177 ad
561 2117 787 2179 matrimonium
800 2121 1049 2198 contrahendum,

87 2204 227 2287 detegitur
245 2203 497 2286 impedimentum
516 2205 665 2267 occultum
679 2254 687 2278 ‚
702 2208 727 2268 si
750 2226 849 2288 neque
868 2208 906 2271 ad
928 2211 1051 2291 Episco-

88 2312 154 2372 pum
174 2292 294 2374 absque'
311 2291 451 2354 seandalo
473 2295 585 2356 recurri
607 2297 717 2375 possit,
738 2295 892 2379 probabile
912 2303 996 2379 putat
1017 2300 1046 2361 S.

88 2383 201 2464 liguor.
224 2381 289 2460 (lib.
310 2385 339 2453 6,
364 2393 397 2440 n⁰
414 2383 483 2458 613)
506 2382 587 2463 quod
608 2385 701 2464 possit
720 2385 870 2466 parochus
899 2385 1050 2450 declarare

88 2471 163 2551 qudd
183 2472 232 2533 lex
249 2480 325 2532 tuuc
347 2487 408 2532 non
427 2470 558 2550 obliget,
577 2479 607 2533 et
626 2473 777 2534 celebrare
797 2475 1048 2538 matrimonium:

89 2559 247 2638 pmdenter
271 2565 372 2620 tamen
395 2577 450 2639 pro
479 2560 584 2638 majori
613 2563 727 2623 cautela
756 2563 972 2624 recurrendum
995 2566 1050 2627 erit

89 2655 184 2727 postea
205 2646 246 2710 ad
271 2645 525 2728 dispensationem
545 2650 755 2730 episcopalem.
773 2649 847 2712 Vide
869 2651 989 2730 Bonis,
1007 2654 1047 2715 Dr

92 2735 241 2818 Episcopo,
255 2743 330 2797 lom.
345 2739 375 2813 1,
390 2755 421 2816 p.
437 2741 504 2796 111.

340 2859 343 2864 ’
447 2877 685 2936 1111111111.

97 2979 132 3022 ult
148 2982 221 3026 suaa
237 2985 435 3030 Pauocuouuit
449 2987 533 3030 cruca
551 2987 622 3030 autu
636 2985 782 3032 sursulus
797 2985 855 3028 Nou
870 2986 1040 3030 RECEb'SlTA.

135 3091 227 3151 1139.
243 3115 257 3147 ι
277 3093 436 3154 Parochus
450 3094 605 3172 impedire
619 3095 952 3175 nequitneregulares
968 3114 1042 3173 pro-

100 3200 112 3228 »
127 3179 230 3254 priam
242 3197 371 3242 crucem
387 3181 553 3259 erigentia
569 3182 835 3262 processionibus,
853 3183 927 3244 licet
940 3183 972 3243 id
983 3184 1042 3244 im-

98 3269 234 3343 ipedire
249 3269 349 3347 possit
371 3271 403 3331 in
426 3271 639 3335 funeralibus.
659 3297 673 3330 a
694 3272 741 3354 (S.
759 3273 874 3350 Congr.
893 3273 966 3348 uit,
983 3293 1039 3353 ap.
1142 3321 1145 3326 .

98 3351 277 3434 Gardelliai‚
296 3361 429 3438 10579.)

129 3483 136 3516 ¹
154 3482 187 3530 Ex
198 3483 293 3536 statutis
309 3483 419 3532 diaecesis
433 3486 504 3540 haias
517 3486 617 3545 launa,
633 3488 735 3547 parochi,
756 3488 890 3547 petentibus
900 3487 1031 3543 niripistrnti

101 3551 140 3599 bus
156 3557 191 3600 iel
207 3555 381 3602 amabilioribus
395 3557 438 3602 lori
453 3565 476 3606 at
492 3559 684 3604 enumerantibus
697 3559 907 3617 archipresbyteris
917 3559 1043 3609 ruralibus,

103 3625 166 3672 eriam
176 3628 308 3686 gerontam
320 3627 437 3676 licentiam
450 3629 578 3677 concedere
593 3630 671 3678 aulem
680 3627 814 3691 (Oratorem,
827 3641 851 3688 p.
871 3628 922 3684 ui).

860 3707 922 3760 2⁸ss
