2522 3996
182 217 222 279 ll
408 237 544 282 uaauarr
564 236 664 285 auarus
685 240 767 285 araas
788 237 936 285 caaouror.

183 360 197 395 a
223 336 296 418 ipsis
309 338 346 401 sit
359 335 558 414 servandum,
573 336 620 398 vel
633 337 762 402 sufficiat
779 335 971 420 probationes
984 337 1015 400 in
1031 337 1097 421 ipsa
1116 340 1164 404 ei-

184 450 198 483 »
223 426 311 488 vitate
325 425 459 507 recipere
472 424 510 486 de
527 443 634 488 eorum
652 427 758 490 statut
772 426 897 490 testibus
911 427 1044 508 ipsarum
1061 428 1163 509 regio-

184 537 198 573 ι)
225 533 300 578 num
313 515 351 578 de
366 514 487 594 negotio
498 513 636 578 edoctis?

222 607 353 685 aRrsp.
382 606 536 665 Tenentur
568 603 666 667 lacere
698 605 889 685 probationes
921 605 1005 684 juxta
1031 603 1166 667 formam

184 715 199 751 a
223 692 446 768 Instructionis‚
462 692 533 773 quia
547 692 594 754 isti
608 691 724 754 laeiliirs
741 693 932 756 committunt
944 693 1163 774 polygamiam.

202 816 207 823 -
224 804 239 841 a
264 785 297 844 5⁰
319 784 367 843 An
384 780 463 844 tacta
475 798 529 862 per
549 780 714 862 paroehum
730 782 897 844 monitione
912 782 1072 844 Ordinario
1085 801 1167 844 con-

185 894 200 928 a
224 871 342 932 trahere
355 869 502 945 volentis,
524 868 598 932 fides
612 872 705 932 status
719 870 854 949 ejusdem
873 870 909 932 sit
927 870 965 932 ab
988 870 1095 933 eodem
1109 890 1167 953 pa-

186 983 200 1018 o
224 959 327 1037 rocho,
342 958 416 1022 velt
430 957 607 1021 contrahere
618 959 737 1022 volente
750 959 954 1042 reportanda?

224 1071 240 1108 a
265 1051 356 1130 Resp.
371 1051 504 1111 Tenetur
521 1046 614 1108 fidem
627 1055 782 1128 reportare
796 1053 825 1110 et
838 1048 969 1130 parocho
983 1048 1167 1130 consignare

188 1161 201 1195 o
226 1138 252 1200 is
266 1139 317 1218 qui
333 1135 394 1200 vult
408 1136 637 1198 matrimonium
650 1137 846 1212 contrahere,
862 1137 971 1200 sedeat
984 1137 1016 1198 in
1027 1137 1167 1200 libertate

187 1253 201 1285 a
227 1227 347 1309 parochi
361 1223 534 1304 hujusmodi
550 1243 628 1288 onus
642 1225 673 1287 in
690 1243 722 1287 se
735 1243 900 1288 assumere.

226 1339 241 1376 a
267 1319 299 1377 6ο
319 1319 366 1376 An
380 1313 496 1377 eaedem
514 1313 707 1395 probationes
722 1315 781 1376 sint
795 1314 949 1376 servandae
966 1315 998 1376 in
1021 1333 1091 1379 casu
1114 1335 1168 1377 ne

188 1430 202 1462 a
227 1405 393 1480 cessitatia‚
409 1410 439 1466 et
458 1401 496 1464 ab
509 1402 705 1464 existentibus
726 1403 757 1464 in
772 1403 897 1466 articulo
917 1403 1021 1466 mortis
1037 1404 1081 1467 sio
1094 1423 1169 1466 con-

188 1518 202 1552 o
227 1493 345 1555 trahere
359 1490 547 1569 volentibus,
572 1493 650 1553 intra
665 1511 756 1574 quem
771 1493 883 1554 seilicet
895 1492 1089 1574 probabiliter
1102 1511 1167 1554 non

189 1606 203 1639 a
228 1583 305 1644 adsit
327 1589 447 1664 tempus
467 1579 620 1642 sufficiens
643 1581 770 1643 faciendi
793 1579 963 1660 diligentias
984 1601 991 1642 :
1012 1600 1082 1644 eum
1108 1581 1168 1644 hoe

190 1696 202 1727 a
227 1671 337 1743 etiam,
362 1670 445 1754 quod
468 1670 492 1732 si
506 1667 645 1732 infirmus
661 1668 738 1732 forte
757 1669 955 1742 consuluerit,
977 1669 1085 1746 debeat
1099 1670 1167 1732 lieri

191 1785 204 1816 o
228 1759 396 1842 diligentia,
416 1761 501 1840 juxta
513 1758 763 1836 Instructionem,
777 1765 940 1840 antequam
954 1759 1044 1821 simul
1058 1777 1168 1822 conre-

189 1871 203 1906 a
230 1849 338 1910 niantl

229 1960 245 1997 a
271 1941 361 2019 Ftesp.
377 1939 445 1998 Non
460 1941 530 1998 arant
543 1935 698 1998 servandae
712 1936 743 1996 in
758 1935 884 1999 articulo
898 1939 1013 2000 mortis.

231 2048 247 2086 a
271 2031 303 2087 7⁰
320 2031 367 2087 An
381 2025 550 2105 requiratur
564 2026 711 2086 attestatio
725 2025 838 2106 proprii
852 2024 1002 2087 Ordinarii
1016 2047 1070 2108 pro
1084 2033 1169 2090 exte-

191 2139 204 2172 ι)
230 2115 271 2177 ris
286 2115 338 2197 qui
354 2113 527 2196 perdecem
542 2132 638 2175 annos
652 2121 682 2175 et
704 2113 798 2189 ultra,
814 2113 1002 2176 domicilium
1017 2117 1168 2198 acquisie-

191 2227 204 2260 o
230 2209 301 2266 runt
324 2204 354 2264 in
377 2203 443 2265 loco
466 2203 518 2265 uhi
546 2209 616 2266 sunt
647 2202 874 2264 matrimonium
906 2207 1106 2275 contractum,
1142 2208 1167 2268 si

191 2317 205 2350 a
231 2311 337 2355 eorum
358 2297 450 2353 status
464 2291 539 2354 liber
557 2291 701 2373 probetur
715 2309 768 2373 per
782 2296 872 2354 testes
886 2289 946 2354 lide
959 2292 1085 2374 dignos,
1104 2300 1167 2357 tarn

191 2405 205 2440 a
229 2381 355 2463 originis
369 2383 462 2462 quiam
475 2380 643 2443 domicilii?

230 2493 246 2532 a
271 2474 362 2552 Resp.
378 2469 561 2552 Requiritur.

231 2582 246 2620 a
272 2563 305 2622 8⁰
327 2563 373 2620 An
394 2560 563 2640 requiratur
581 2557 660 2620 diota
674 2557 821 2620 attestatio
840 2575 895 2640 pro
914 2558 972 2621 illis
991 2560 1101 2622 arteris
1114 2562 1167 2644 qui

191 2672 205 2706 a
231 2648 354 2711 unicam
367 2647 413 2710 vel
428 2648 530 2730 plures
553 2646 718 2722 duxerunt,
737 2654 766 2707 et
779 2653 902 2709 econtra
916 2647 940 2710 si
961 2655 1087 2711 mortuae
1101 2649 1167 2714 iue-

192 2763 205 2794 η
231 2738 292 2800 rint
311 2738 344 2798 in
359 2737 444 2815 loeo,
466 2736 518 2800 uhi
534 2737 641 2798 iterum
657 2735 883 2798 matrimonium
901 2737 1077 2800 contrahere
1091 2738 1165 2801 desi·

193 2851 206 2884 a
231 2827 356 2902 derant,
371 2845 406 2889 ae
419 2827 548 2907 amplius
563 2830 771 2906 postmortem
786 2823 892 2887 edicto
906 2825 973 2888 loco
984 2845 1045 2888 non
1058 2825 1172 2890 disces,

193 2940 207 2974 a
229 2915 358 2978 serunt?

231 3025 247 3064 a
272 3005 361 3085 Hesp.
380 3003 553 3084 Requiritur
568 3003 719 3083 pariter.»

233 3095 329 3174 Supra
348 3092 447 3154 relatae
468 3091 679 3172 dispositiones
697 3091 847 3154 observari
861 3091 972 3155 debent
993 3093 1168 3174 ltparochis

194 3184 223 3245 in
238 3189 384 3263 quantum
395 3187 532 3262 possunt,
550 3180 628 3241 circa
643 3179 723 3260 quod
742 3179 809 3242 vide
821 3181 949 3244 dicenda
964 3182 1041 3244 inira
1054 3183 1167 3263 (6097).

234 3275 321 3333 t38t.
345 3275 377 3332 5⁰
393 3267 493 3345 Ouood
505 3267 536 3330 E
537 3269 870 3331 artronum-Unctionem
884 3277 914 3332 et
936 3269 1081 3332 Viaticum
1094 3275 1130 3334 :J
1134 3292 1170 3335 us

194 3359 282 3422 habet
300 3358 449 3440 parochus
469 3359 832 3421 Extremam-Unctionem
856 3365 887 3422 et
907 3359 1055 3422 Viaticum
1078 3379 1168 3441 paro-

129 3467 135 3472 ·
195 3448 307 3512 chianis
321 3448 383 3508 suis
397 3446 485 3507 etiam
508 3445 712 3508 sacerdotibus
730 3447 792 3508 imd
813 3455 843 3509 et
863 3449 1040 3510 canonioia¹
1060 3450 1168 3511 minis-

225 3577 233 3604 ⁴
250 3573 284 3622 lta
298 3571 323 3621 S.
337 3571 363 3622 G.
377 3571 451 3621 Cone.
467 3569 496 3619 tt
510 3569 565 3620 maii
579 3571 669 3620 toan„
683 3585 721 3635 ap.
736 3569 852 3632 Ferraria,
865 3572 1166 3634 reconcitiemur&

197 3657 225 3699 oo
243 3644 265 3692 l.
285 3642 342 3692 l'irle
360 3641 432 3691 etiam
451 3640 528 3690 Bouix
547 3641 606 3691 alias
626 3639 762 3691 decisiones
786 3641 844 3694 huic
859 3643 999 3693 coirlormes
1015 3643 1162 3692 referentem
