2550 3992
446 287 532 334 arara
552 287 710 334 susannae.
995 268 1052 332 673

74 387 157 449 lide
176 385 301 471 insuper
320 405 390 470 que
409 387 541 451 diximus
562 406 653 470 supra
673 387 864 467 (adol-3222)
880 391 912 451 et
939 387 1054 451 Slatuta

83 475 260 540 dioecesana.

122 569 211 630 3325.
227 566 348 640 Ouaerit.
359 565 1052 648 1⁰annctusphysteussnnecessarior,eatan

83 654 182 734 quoad
201 654 336 733 adultos,
357 661 390 718 ut
411 654 547 735 patrinus
560 654 717 718 contrahat
737 655 987 739 impedimentum
1001 677 1052 721 co·

83 743 429 826 gnationisspiritualis‘l
844 761 845 766 ’
1046 742 1050 749 ’

121 832 1052 918 Respouidamdicantsufficeresaltemquoadadultostactum

83 921 228 984 moralem
250 939 303 984 seu
323 920 491 1004 simplicem
505 923 721 1000 assistentiam
736 923 790 988 sed
806 927 1053 992 communissima

83 1011 230 1074 sententia
245 1010 370 1092 requirit
383 1017 495 1074 tactum
516 1011 694 1094 physicum}
711 1013 792 1076 etde
814 1013 873 1077 hoc
893 1015 1014 1079 affertur
1036 1021 1052 1080 a

83 1099 217 1161 Sanchez
231 1099 397 1163 Declaretio
409 1101 611 1164 cardinalium
624 1119 632 1163 ε
647 1103 721 1164 ratio
735 1109 780 1165 est
797 1105 868 1185 quia
881 1103 1053 1184 huiusmodi

82 1193 178 1250 tactus
192 1190 331 1270 expresse
341 1193 357 1251 h
367 1191 459 1252 sacris
472 1190 639 1252 canonibus
651 1192 825 1273 requiritur,
834 1201 863 1256 et
872 1197 1053 1258 caeremonia

84 1273 149 1340 haec
172 1291 233 1339 non
261 1277 317 1341 fuit
342 1277 464 1340 inducta
490 1281 606 1341 tantiam
633 1278 672 1341 ad
698 1282 895 1363 supplendam
919 1287 1054 1366 corporis

83 1364 288 1442 debilitatem,
306 1366 360 1431 sed
379 1366 417 1429 ad
437 1367 667 1449 significandam
685 1369 795 1434 animae
809 1371 1051 1439 imbecillitatem.

83 1453 160 1517 Vide
174 1457 206 1518 S.
222 1455 342 1538 Liguor.
357 1455 422 1534 (lib.
439 1461 470 1532 6,
485 1465 518 1518 n⁰
535 1461 612 1534 llll).

22 1617 26 1624 1
121 1545 213 1636 ξ3ἳ6.
223 1545 253 1608 Si
269 1545 371 1636 plures
384 1548 477 1626 quam
491 1546 627 1628 patrinus
640 1556 670 1611 et
682 1551 811 1614 matrina
824 1551 1053 1637 designarentur

82 1639 110 1694 et
124 1651 233 1698 omnes
249 1627 424 1716 tangerent,
440 1634 484 1696 vel
505 1638 672 1701 successive
690 1647 863 1722 tangerent,
879 1645 923 1706 vel
942 1646 1051 1712 simul:
1120 1649 1123 1656 '

83 1721 106 1783 si
122 1723 226 1804 prius,
241 1723 302 1786 duo
317 1723 407 1805 primi
420 1725 538 1786 tuntum
557 1727 769 1808 cognationem
786 1732 1014 1812 contraherent;
1029 1737 1054 1800 si
1117 1795 1121 1804 .

82 1811 256 1892 posterius,
280 1831 388 1875 omnes
407 1813 641 1894 contraherent,
660 1817 745 1896 juxta
762 1823 1002 1886 communiorem
1025 1833 1054 1888 et

81 1899 315 1980 probabiliorem
329 1903 524 1979 sententiam
541 1903 609 1966 licet
626 1907 707 1968 enim
726 1908 859 1974 Trident.
878 1921 957 1976 vetet
969 1915 1053 1978 adhi-

81 1987 155 2053 bere
171 1989 275 2072 plures
291 1993 385 2072 quiam
399 1991 493 2068 duos,
508 2000 610 2058 tamen
626 2013 687 2058 non
706 1996 859 2078 irritatius
875 2003 1053 2086 antiquum,
1097 2051 1100 2058 .

82 2077 140 2140 uisi
156 2081 227 2142 ciam
247 2087 374 2162 tangunt
393 2081 495 2162 plures
514 2081 591 2144 ultra
608 2086 685 2146 duos
702 2084 887 2168 designatos3
904 2111 965 2154 non
985 2097 1061 2158 verb

80 2165 106 2227 si
115 2175 242 2250 tangant
255 2170 357 2250 plures
370 2169 516 2251 designati
527 2171 604 2234 ultra
617 2171 694 2236 duos
704 2222 711 2250 ,
720 2180 884 2257 praesertim
899 2183 924 2244 si
938 2183 1055 2264 ignore·

79 2259 132 2317 tur
146 2256 214 2338 quis
229 2259 312 2340 prius
327 2260 463 2339 tetigerit.
482 2259 617 2340 (Liguor.
633 2262 685 2326 lib.
702 2269 733 2340 6,
750 2276 783 2327 n⁰
796 2271 877 2350 lat.)

121 2348 214 2408 3327.
230 2347 306 2408 Casu
321 2365 382 2428 quo
397 2347 469 2410 nulli
485 2347 611 2410 luissent
623 2350 769 2434 designati
780 2403 788 2431 ,
799 2365 829 2418 et
840 2367 939 2421 tamen
954 2363 1055 2443 pluras

79 2438 267 2516 tangerent,
288 2437 519 2498 controvertitur
545 2445 647 2500 utrum
671 2441 689 2501 ii
714 2459 821 2506 omnes
845 2451 1054 2528 cognationem

82 2522 318 2600 contraherent3
349 2527 504 2586 sententiae
522 2525 681 2589 adirmanti
705 2529 864 2594 subscribit
881 2538 912 2596 S.
932 2538 1052 2618 Lignor.

82 2611 171 2692 (iu),
181 2613 252 2694 quia
264 2615 312 2692 jus
326 2615 484 2695 antiquum
496 2615 572 2697 (cap.
590 2615 657 2692 dn„
667 2615 701 2680 de
712 2617 834 2700 Cogitat.
850 2623 964 2703 spirit..
974 2627 1002 2686 in
1014 2629 1055 2708 6⁰)

81 2701 113 2762 in
129 2700 188 2764 hoc
202 2719 263 2763 non
279 2701 333 2764 luit
347 2711 516 2765 revocatum
527 2707 544 2766 a
554 2705 668 2767 Concil.
683 2707 830 2786 Trident,
846 2713 926 2792 quod
941 2716 1054 2778 solum·

81 2789 176 2854 modo
194 2790 291 2862 dicit:
311 2792 371 2853 «Si
393 2791 442 2853 alii
457 2792 535 2854 ultra
556 2792 728 2876 designatos
748 2795 928 2876 baptizatum
951 2808 1052 2874 tetige-

75 2893 93 2932 ι
119 2877 200 2948 rint,
218 2883 431 2956 cognationem
449 2885 636 2962 spiritualem
650 2889 735 2952 nullo
746 2899 832 2970 paeto
848 2896 1050 2974 contrahant,

74 2983 91 3022 u
117 2965 390 3032 constitutionibus
405 2971 435 3032 in
450 2979 633 3036 contrarium
651 2997 710 3038 non
728 2978 925 3046 obstantibus.
949 3006 965 3044 u
986 2987 1050 3050 lmb

73 3053 99 3114 si
113 3053 263 3135 designati
287 3077 347 3120 non
363 3067 538 3141 tangerent,
552 3073 707 3144 tangentes
722 3071 877 3149 spontanei
893 3075 1051 3153 cognatio-

74 3159 150 3203 nem
172 3147 396 3220 contraherent,
419 3151 489 3230 quia
510 3154 678 3215 Concilium
707 3155 780 3218 dicit
795 3177 855 3220 non
873 3163 1050 3224 contrahere

72 3233 289 3313 cognationem
310 3255 363 3299 eos
386 3238 485 3302 suliun
509 3241 562 3321 qui
583 3243 670 3304 ultra
693 3261 755 3307 non
778 3248 848 3310 rard
865 3249 917 3329 qui
939 3259 1049 3331 proter

69 3317 251 3397 designatos
264 3330 404 3410 tangunt.

115 3413 207 3474 3328.
225 3415 299 3478 Casu
313 3426 413 3479 autem
428 3436 490 3499 quo
504 3423 654 3501 parochus
667 3421 776 3502 injuste
789 3424 946 3506 repelleret
961 3431 1050 3509 patri-

71 3513 133 3561 nos
153 3502 170 3561 i
185 3504 360 3582 parentibus
371 3507 493 3583 electos,
509 3509 531 3572 ii
545 3517 647 3574 tamen
661 3514 872 3594 cognationem
887 3518 1050 3581 contrahe·

69 3595 157 3660 rent.
174 3590 198 3653 si
210 3591 391 3672 baptizatum
407 3605 575 3680 tangerent.

113 3678 151 3742 st
173 3680 245 3744 verb
263 3684 364 3765 plures
380 3689 474 3769 quam
490 3689 589 3754 daut
613 3693 789 3775 parentibus
807 3695 1048 3780 designarentur,

902 3803 962 3866 W*
