2534 3996
476 275 564 322 crura
583 275 701 322 carnus.
1025 260 1083 322 utu

111 368 187 432 nulli
208 367 320 433 debent
337 369 505 452 promoveri
523 368 560 432 ad
583 369 740 451 parochias
758 376 922 436 vacantest
951 375 1026 434 tunc
1048 370 1086 432 ad

110 461 142 521 S.
159 461 269 540 Congr.
286 460 377 522 Cone.
400 457 514 521 recurri
535 459 641 536 debet,
661 477 730 541 quae
751 461 841 541 exigit
864 465 1039 542 regulariter
1054 471 1087 520 ut

111 547 330 609 examinatores
345 565 406 610 uon
421 547 568 628 eligantur
586 547 623 610 ab
639 549 788 630 Episcopo
803 550 859 611 uisi
874 568 944 612 oum
959 547 1087 629 Capituli

114 653 273 700 consensu.
291 633 364 696 Vide
378 636 414 696 D.
432 635 543 711 Bonis,
561 637 605 699 De
627 635 776 716 capitul„
792 656 824 719 p.
839 640 918 714 4063
934 635 1086 708 Ferreus,

113 720 144 778 ν’
161 721 351 804 Capitulum,
367 729 423 786 art.
440 727 470 800 2,
486 723 528 783 n¹¹
544 729 625 787 l-l2.

159 814 249 873 etta.
271 812 393 884 Quaerit.
409 815 441 874 3⁰
455 812 557 884 Qualis
577 831 643 876 esse
656 813 765 877 debeat
781 813 908 898 Capituli
923 831 1089 878 consensus

113 899 239 982 quando
253 901 440 981 requiritur?

156 991 245 1070 Resp.
273 991 361 1051 Juxta
384 991 513 1054 Leureu.
539 1009 609 1054 cum
630 991 695 1054 aliis
714 991 851 1072 pluribus
866 991 957 1073 (apud
972 991 1088 1070 Bonis,

116 1077 161 1144 De
177 1077 288 1158 Capu„
306 1097 336 1158 p.
347 1081 431 1156 tut),
442 1097 607 1141 cousensus
615 1081 740 1161 Capituli
756 1102 772 1139 o
783 1081 912 1143 l⁰debet
924 1099 989 1143 esse
1003 1098 1091 1161 praes

116 1189 133 1225 u
158 1166 229 1227 titus
251 1169 268 1226 a
292 1167 511 1246 Capitularibus
526 1168 658 1248 legitime
682 1171 712 1230 in
728 1188 823 1230 unum
844 1169 1088 1252 congregnt,is...;

116 1277 133 1314 o
159 1253 268 1334 singuli
288 1253 368 1314 enim
390 1255 515 1317 seorsim
538 1257 648 1338 sumpti
670 1273 731 1318 nou
758 1257 871 1319 iaciunt
898 1257 1088 1337 Capitulum;

117 1367 133 1405 u
158 1348 191 1406 2⁰
210 1342 297 1404 debet
310 1361 376 1404 esse
395 1344 543 1424 praestitus
556 1346 574 1405 a
588 1346 700 1424 majore
714 1353 797 1428 parte
817 1346 945 1427 Capituli
959 1363 1089 1425 cougre-

118 1455 134 1494 n
160 1432 270 1514 galim,
292 1431 375 1492 uulll
393 1431 492 1494 habita
518 1433 632 1494 ratione
647 1433 827 1496 absentium.
842 1454 858 1493 u
876 1434 953 1495 Vide
967 1434 1092 1514 insuper

121 1521 212 1596 diota,
225 1523 356 1582 tut-403
372 1527 401 1581 et
414 1524 505 1583 2402.

161 1613 249 1671 2413.
275 1609 396 1680 Quaerit.
426 1612 458 1668 4⁰
478 1618 525 1671 An
547 1610 579 1671 in
602 1612 741 1692 praesenti
764 1611 966 1674 Ecclesiarum
990 1609 1092 1671 Gallim

121 1705 200 1760 statu
223 1697 361 1780 Episcopi
384 1703 543 1761 teneantur
561 1699 765 1779 Capitulorum
786 1718 911 1762 suorum
932 1699 1091 1761 consilium

124 1805 293 1868 exquirere.

163 1878 251 1956 Resp.
276 1880 305 1937 l⁰
319 1875 443 1940 Videtur
457 1875 538 1957 qudd
551 1924 559 1954 ,
573 1877 603 1938 in
627 1875 806 1956 quibusdam
820 1876 925 1938 saltem
946 1877 1091 1957 negotiis,

122 1963 221 2027 adhuc
232 1963 424 2046 hodierigeat
436 1968 467 2026 in
482 1965 575 2026 Gallia
592 1965 777 2027 consuetudo
791 1965 950 2026 consilium
967 1966 1092 2046 Capituli

123 2053 318 2134 exquirendi:
338 2053 395 2116 hoc
409 2055 491 2116 enim
504 2059 628 2114 testatur
642 2053 768 2115 formula
783 2053 821 2114 ab
834 2053 990 2135 Episcopis
1009 2053 1092 2115 adhi-

123 2141 185 2203 bita
202 2161 209 2202 :
227 2141 261 2204 de
273 2143 393 2203 consilio
411 2141 617 2204 uenerabilium
632 2143 776 2222 fratrum,
791 2148 868 2216 etc.;
889 2160 943 2222 pro
965 2143 1000 2202 iis
1022 2160 1093 2224 ergo

125 2229 263 2308 negotiis,
275 2231 332 2292 dioi
348 2231 458 2292 debent
471 2229 609 2310 Episcopi
624 2231 717 2291 nostri
729 2233 823 2293 teneri
837 2229 875 2291 ud
885 2229 1009 2312 Capituli
1021 2249 1094 2292 con·

144 2317 249 2382 silium
264 2319 494 2400 exquirendum.

166 2409 255 2488 Resp.
271 2411 304 2468 2⁰
321 2409 397 2469 Cum
414 2413 459 2468 sat
479 2407 654 2487 generaliter
669 2406 812 2469 Praesules
827 2408 919 2468 nostri
938 2407 1095 2471 videantur

125 2496 250 2576 elongc
263 2503 397 2577 tempore
415 2513 476 2557 non
495 2495 687 2576 exquisivisse
707 2495 821 2557 dictum
839 2496 1016 2573 consilium,
1038 2497 1094 2558 nisi

127 2585 160 2647 in
174 2584 359 2665 paucissimis
370 2584 504 2659 casibus,
521 2591 551 2644 ot
564 2583 628 2645 haee
651 2583 838 2645 cousuetudo
857 2584 991 2645 videatur
1005 2584 1095 2646 fuisse

127 2672 303 2736 universalis
318 2673 348 2734 in
363 2676 424 2734 totu
437 2673 566 2734 Ecclesia
582 2673 673 2734 etiam
688 2680 757 2734 ante
772 2671 991 2734 Concordatum
1006 2675 1093 2750 taut,

127 2768 163 2824 ut
183 2769 298 2823 constat
310 2779 347 2823 ex
365 2760 452 2823 dictis
472 2780 561 2842 supra
582 2765 680 2839 (953),
696 2757 833 2822 concludi
850 2761 980 2841 legitime
1002 2769 1097 2842 potest

131 2849 285 2911 Antistites
299 2857 414 2912 nostros
428 2850 460 2910 iu
481 2850 582 2911 multis
601 2850 729 2929 amplius
750 2867 810 2910 uon
830 2849 925 2910 teneri
940 2849 977 2910 ad
991 2851 1095 2932 exqui-

131 2939 259 3000 rendum
273 2938 587 3018 Capitulioonsilium;
604 2938 778 2999 contradicit
791 2938 913 3019 quidem
933 2940 968 2998 D.
987 2939 1094 3016 Bonis,

130 3027 176 3088 De
190 3025 336 3108 Capitul,
352 3047 381 3107 p.
397 3029 547 3099 383-385,
560 3027 611 3089 sed
625 3027 777 3088 conclusio
796 3036 896 3088 nostra
910 3045 945 3088 cu
965 3028 1097 3108 ipsismet

131 3113 269 3194 ejusdem
289 3115 418 3177 auctoris
437 3115 591 3196 principiis
605 3115 771 3178 deducitur.
789 3114 863 3177 Vide
883 3134 972 3196 supra
986 3121 1095 3192 (2394,

132 3207 224 3276 aton,
240 3206 342 3282 Ello.)

582 3308 599 3387 a
618 3311 653 3369 n.

250 3393 255 3401 ’
320 3429 364 3492 De
376 3428 449 3512 jure
470 3427 605 3510 Capituli
625 3428 746 3490 Stututu
767 3427 915 3491 condendi.

176 3567 245 3632 Duo
259 3565 309 3629 hic
336 3565 422 3627 nobis
440 3569 510 3625 suni
529 3563 723 3642 expendenda
742 3584 749 3622 :
768 3567 798 3623 1⁰
826 3562 914 3642 quale
934 3562 965 3623 in
990 3581 1100 3641 genere

136 3653 179 3723 flii
189 3657 236 3734 ius
249 3653 373 3735 Capituli
389 3657 502 3716 Stavate
515 3649 680 3726 condendi;
694 3656 724 3712 2⁰
738 3650 891 3730 quodnam
905 3651 936 3710 in
950 3650 1048 3730 specie
1062 3651 1098 3710 sit
