2486 3984
425 231 507 278 tmen
530 229 645 278 antuus.
683 277 685 282 ,
969 215 1025 278 llll

113 339 157 401 ll·
179 361 195 398 e
214 335 800 410 lrtradentes,destruentes‚detinentes,
811 335 960 413 persecet
977 354 1030 416 per

76 449 89 487 a
110 427 189 500 alios,
201 428 342 505 ciuitates,
356 433 463 500 terras,
478 427 544 489 loca
556 433 608 488 aut
617 427 686 503 jura
701 423 737 484 ad
748 423 913 486 Ecclesiam
923 426 1031 487 Roma-

77 538 88 574 ι
110 534 175 578 nam
189 515 383 592 pertinentia;
399 515 444 578 rel
461 521 651 596 usurpantes,
663 511 888 593 perturbantes,
903 515 1031 574 retinen·

77 625 88 662 a
111 613 149 665 tes
161 623 330 684 supremam
344 604 582 684 jurisdictionem
597 603 629 665 in
640 601 685 664 eis
699 619 708 675 ;
721 619 841 662 necnon
856 597 894 662 ad
914 599 1030 683 singula

78 715 88 749 a
112 693 243 773 predicta
256 693 422 769 auxilium,
437 693 614 766 consilium,
630 689 762 752 fauorem
777 689 957 771 praebentes.
973 711 989 750 r

111 783 188 846 Circa
200 783 335 864 prolatas
349 781 676 846 excommunicationes
691 778 773 841 addit
785 779 926 860 fontitex
941 798 950 842 a

110 875 190 934 tutti.
216 896 233 934 e
255 874 404 954 aquibus
426 882 569 934 omnibus
585 867 1032 934 excommunicationibuslruc·

77 981 89 1018 r
110 979 198 1041 usque
219 962 394 1037 recensitis,
416 959 638 1022 absolutionem
664 959 801 1018 Romano
820 956 956 1019 Pontitlci
979 975 1032 1039 prr

77 1069 89 1106 r
110 1055 236 1132 tempore
250 1050 372 1130 speciali
392 1049 484 1112 ruodo
498 1056 679 1110 reservatam
694 1065 758 1108 esse
772 1052 802 1108 et
822 1047 964 1108 reservari
978 1069 986 1122 3
1002 1057 1033 1111 et

77 1159 89 1195 r
111 1158 209 1218 proca
232 1141 407 1220 generalem
426 1140 655 1201 concessionem
680 1134 888 1198 eusotrendtt
911 1137 1030 1200 casibus

78 1246 90 1282 r
111 1235 136 1287 et
149 1229 280 1290 censuris
294 1230 356 1292 sive
380 1225 745 1290 excommunicationibus
766 1227 902 1286 tlonrano
927 1224 1027 1287 Ponti·

77 1337 90 1372 r
112 1315 153 1376 tici
167 1319 341 1390 reservatis,
360 1315 444 1378 nullo
460 1323 547 1398 pacto
570 1313 706 1376 sufficere
720 1313 927 1386 declaramus,
944 1332 1032 1377 revo-

77 1427 90 1462 i
111 1405 667 1488 catisiusuper,earumdemrespectu,
680 1397 925 1485 quibuscumque
935 1403 1033 1465 indul·

78 1495 144 1554 rtis
161 1499 311 1558 conclusis
334 1497 390 1557 sub
415 1493 519 1576 quavis
541 1493 636 1553 torma
662 1501 691 1552 et
716 1491 869 1566 quibusvis
897 1493 1035 1571 personis,

78 1601 90 1638 r
110 1582 192 1646 etiam
213 1584 402 1666 regularibus
423 1585 644 1664 cujuscumque
659 1579 798 1653 Ordinis,
818 1581 1033 1660 congregatio-

78 1671 175 1750 ania,
198 1675 356 1736 societatis
380 1678 410 1734 et
436 1670 581 1740 instituti,
608 1669 699 1730 etiam
730 1668 852 1748 speciali
879 1672 1034 1731 mentione

78 1781 90 1816 r
112 1762 227 1842 dignis,
255 1771 287 1825 et
307 1763 338 1824 in
363 1762 469 1843 quavis
493 1758 637 1838 dignitate
665 1758 845 1819 constitutis.
872 1757 1034 1822 Absolvero

78 1869 91 1907 r
111 1861 201 1912 auteur
217 1857 436 1934 praesumentes
452 1852 517 1910 sine
531 1848 631 1908 debita
648 1847 805 1919 tenuitate,
820 1847 911 1908 etiam
927 1847 1033 1928 quovis

79 1959 90 1996 r
113 1951 271 2018 pretextu,
296 1937 618 2002 excommunicationis
634 1937 753 1998 vinculo
772 1937 908 1998 Romano
928 1937 1033 1998 Pouli-

79 2049 91 2084 r
115 2031 156 2093 tici
174 2041 330 2092 reservata
348 2028 507 2089 innodatos
520 2043 553 2088 se
567 2026 673 2096 sciant,
689 2025 857 2087 dummodo
878 2045 939 2088 nou
962 2045 1032 2106 aga·

78 2138 90 2172 u
112 2125 155 2180 tur
173 2121 209 2182 de
229 2121 336 2182 mortis
351 2117 497 2178 articulo:
516 2115 546 2176 in
570 2133 632 2196 quo
645 2125 746 2175 tamen
762 2115 847 2175 tir-rna
862 2118 915 2190 sil,
933 2113 1033 2195 quoad

78 2227 91 2262 r
111 2208 270 2286 absolutus,
285 2206 430 2288 obligatio
440 2203 538 2266 standi
554 2205 703 2266 mandatis
715 2204 869 2281 Ecclesia,
885 2205 909 2267 sl
923 2223 1033 2268 couva-

79 2297 271 2362 uiuerint.»

113 2390 193 2450 tout.
219 2383 1034 2450 Praeallataeexcommunicatiouesreserranturetiamsi

79 2493 155 2538 rasus
167 2478 225 2538 sint
238 2475 347 2538 occulti
365 2495 371 2534 :
390 2473 525 2536 Pontifex
537 2474 619 2534 enirn
635 2473 716 2534 addit
729 2491 833 2535 versus
849 2473 940 2534 tinem
953 2477 1032 2552 ejus-

80 2563 139 2624 dem
152 2565 376 2628 constitutionis
388 2583 395 2626 :
416 2584 431 2622 e
445 2561 613 2624 Firmum...
624 2581 689 2624 esse
703 2563 841 2623 uolumus
857 2562 1032 2624 absolvendi

81 2673 94 2707 r
112 2653 274 2716 facultatem
298 2671 317 2716 a
338 2653 513 2714 lamentian
529 2651 652 2732 Synodo
678 2649 835 2730 Episcopus
857 2667 1033 2712 concessam

85 2762 96 2794 ¹
115 2760 181 2806 sess.
195 2748 233 2804 tt
245 2759 274 2804 c.
288 2744 319 2816 u,
334 2740 369 2802 de
383 2739 606 2822 reformatione,
620 2741 650 2800 in
664 2740 907 2820 quibuscumque
922 2749 1033 2803 cerau-

83 2851 94 2882 a
116 2831 151 2892 ris
165 2831 339 2914 Apostolicae
351 2829 421 2894 Sedl
444 2829 499 2892 hac
518 2837 618 2891 nostra
632 2825 852 2890 Constitutione
867 2829 1033 2910 reservatis,

83 2939 95 2971 u
117 2919 151 2980 ita
164 2931 279 2984 tantum
292 2925 418 3002 exceptis
435 2937 508 2997 quoa
520 2918 611 2982 eidem
635 2916 815 3000 Apoetutteoe
828 2915 900 2981 Sedt'
912 2919 1034 3000 spectati·

84 3009 191 3070 amodo
206 3019 367 3074 reservatas
388 3009 608 3072 declaravimus
627 3027 663 3083 a,
688 3005 824 3070 videlieet
843 3025 879 3070 eu
903 3027 936 3071 ra
959 3029 1033 3073 enu-

81 3099 208 3157 untes.
218 3093 520 3158 Praedictisaddenda
533 3102 575 3155 est
590 3109 740 3156 excomm.
750 3091 843 3157 relata
857 3027 914 3168 tq,
924 3112 955 3174 p.
965 3095 1034 3156 till,

84 3217 439 3284 ederommum‘eetionee
465 3219 535 3282 tutta
560 3221 709 3284 sententio
737 3219 868 3284 amam
895 3217 1036 3286 Pontifici

356 3317 557 3402 (simpliciter)
578 3328 742 3383 mumulo.

118 3401 248 3500 lutose
276 3437 587 3501 Excommunicatioui
623 3438 688 3501 latae
716 3439 872 3500 sententiaa
899 3437 1037 3500 Romano

86 3540 98 3579 t
118 3523 244 3589 Pontifici
259 3528 457 3608 (simpliciter)
472 3534 629 3590 reservatae
651 3529 806 3588 subtacere
821 3527 1011 3586 declaramus
1027 3543 1036 3585 ε

120 3615 148 3676 l·
163 3636 178 3674 e
192 3615 386 3680 Ducenteavel
395 3615 601 3690 defendentes,
610 3616 673 3678 siro
684 3613 806 3694 publiea
815 3615 877 3676 eive
887 3611 1035 3690 priuatim,
