2522 4028
179 305 237 368 aaa
397 317 533 364 ualuere
552 315 653 364 reum
673 310 756 364 suan
776 315 923 364 canonici.

181 420 239 485 Sed
252 425 286 482 ut
305 434 377 482 eum
391 417 448 480 hte
467 416 693 498 dispensatione
712 414 834 477 ordines
851 415 971 480 valeant
988 419 1081 502 recipi
1107 432 1163 486 aut

180 508 329 584 exerceri,
353 507 466 588 requiri
488 506 604 566 videtur
623 511 657 566 ut
675 507 778 566 revera
792 523 847 586 per
860 505 939 568 hanc
952 506 1161 590 dispensatio-

182 615 251 659 nem
266 601 460 678 recuperetur
473 593 552 656 bona
566 591 645 654 lanta
657 591 696 654 ad
710 589 884 672 hujusmodi
899 597 1109 678 receptionem
1130 606 1164 662 et

180 686 358 748 exercitium
372 684 550 746 necessaria.
1246 710 1247 713 ¹

221 777 308 836 leae.
332 773 413 835 Nota
427 771 508 853 quod
521 769 640 832 collatio
653 767 793 832 beneficii
815 771 844 833 ei
867 770 945 836 facta
967 775 1018 854 qui
1033 775 1163 841 infamis
1246 766 1247 787 l

181 870 225 926 est
239 861 363 924 infamia
376 859 454 932 lacti,
471 865 516 921 est
526 859 650 940 quidem
660 858 776 934 illicita,
787 867 877 941 prout
890 861 981 923 etiarn
996 862 1097 925 illicita
1113 875 1164 928 est

182 953 246 1030 ejus
266 949 372 1012 electio
385 955 416 1010 et
429 948 638 1030 praesentati03
658 946 712 1009 sed
727 965 788 1010 non
803 955 850 1010 est
862 949 952 1029 pleno
964 953 1033 1030 jure
1052 953 1160 1033 nulla,

182 1039 268 1100 sicuti
285 1043 329 1100 est
342 1035 464 1118 quando
478 1035 533 1098 fuit
546 1035 622 1098 faeta
640 1035 745 1096 inlami
766 1035 890 1098 inlamil
907 1039 1002 1116 juris;
1019 1047 1061 1102 est
1071 1042 1162 1104 enim
1246 1070 1247 1075 ¹

182 1127 299 1188 tantum
308 1127 326 1187 a
333 1125 435 1205 iudice
448 1124 602 1188 irritanda.
615 1123 691 1186 Vide
701 1125 854 1199 Stremler‚
867 1125 925 1188 Des
930 1129 1032 1208 petraea
1039 1129 1160 1209 eccles,

183 1233 213 1296 p.
229 1219 279 1276 ll.

556 1361 710 1424 Pmuruu
725 1361 779 1418 vll.

302 1503 340 1552 m
360 1499 616 1550 rannemrnrrare
636 1497 676 1542 ux
695 1495 826 1542 persero
846 1495 1031 1544 unsarans.

225 1648 311 1708 lem.
335 1645 459 1709 Delectu
474 1643 617 1705 libertatis
631 1641 808 1722 irregulares
822 1649 893 1704 sunt
909 1661 916 1703 :

224 1739 255 1796 l⁰
269 1736 350 1798 Servi
367 1733 485 1816 proprie
499 1731 568 1793 dicti
584 1729 681 1792 donec
697 1738 921 1813 consequantur
931 1731 1053 1813 plenam
1067 1733 1164 1797 liber-
1246 1800 1247 1809 ,

185 1829 286 1884 tatem.
304 1825 375 1903 Cap.
394 1827 407 1883 l
423 1867 431 1898 ,
446 1819 578 1882 distinct.
594 1823 645 1880 54.
1246 1822 1247 1825 ’

225 1910 313 1990 Apud
328 1929 383 1974 nos
397 1909 522 1971 servitus
535 1907 659 1988 quidem
681 1925 744 1970 non
766 1908 865 1970 existit
884 1927 892 1969 r
908 1910 980 1990 quia
996 1916 1099 1972 tamen
1127 1913 1162 1974 in

186 1999 367 2078 quibusdam
391 1997 463 2060 loeis
486 2003 569 2058 extra
592 1998 745 2078 Europam
767 1997 866 2060 adhuc
888 1998 986 2080 riget,
1005 2019 1101 2081 pauca
1120 2000 1164 2065 de
1246 2036 1247 2039 π

186 2087 358 2166 hujusmodi
372 2085 587 2168 irregularitate
602 2102 665 2146 non
680 2085 824 2148 inutiliter
838 2085 887 2148 hic
900 2086 1081 2151 inserentur.

230 2199 244 2235 a
266 2180 389 2252 Servus,
401 2177 500 2257 inquit
513 2177 544 2237 S.
561 2174 681 2254 Liguor.
693 2173 753 2252 (lib.
767 2177 805 2249 7,
821 2177 947 2254 n⁰t55),
964 2177 1029 2256 qui,
1045 2177 1163 2242 sciente

186 2291 201 2326 a
226 2273 256 2328 et
277 2285 340 2328 non
360 2264 583 2328 contradicente
597 2262 739 2340 domiuo,
762 2262 918 2324 ordinatur
939 2265 1030 2326 etiam
1044 2263 1080 2327 ad
1095 2269 1162 2348 pri-

186 2379 200 2412 »
226 2372 308 2416 marn
332 2360 506 2431 tonsuram,
521 2371 558 2415 eo
572 2351 637 2432 ipso
651 2351 726 2413 liber
738 2359 840 2413 manet
856 2371 864 2412 ι
880 2371 947 2434 cap.
963 2351 1002 2414 Si
1018 2373 1116 2418 aeuus
1130 2362 1162 2419 et

186 2465 201 2502 a
225 2462 292 2524 cap.
308 2441 413 2512 Nulli,
425 2442 493 2504 dist.
510 2445 559 2504 el.
576 2441 687 2502 Poterit
699 2447 800 2502 tamen
811 2440 954 2503 dominus
968 2459 1040 2505 eum
1054 2461 1162 2507 manu-

187 2555 202 2591 s
227 2534 344 2594 mittere
357 2549 428 2594 oum
442 2529 613 2594 conditione
628 2535 661 2590 ut
674 2529 781 2590 serviat
795 2529 825 2590 in
840 2530 877 2592 iis
890 2548 959 2611 quae
972 2532 1060 2593 statui
1073 2533 1162 2596 eleri-

186 2643 201 2680 »
226 2621 281 2683 cali
297 2637 359 2682 nou
373 2625 562 2700 repugnant:
578 2635 615 2679 ex
628 2635 695 2696 cap.
711 2616 839 2689 Nullus,
852 2617 886 2679 de
898 2638 975 2681 seru.
990 2638 1048 2680 oon
1060 2621 1158 2685 ordin.

186 2732 201 2768 n
227 2711 256 2772 Si
281 2709 352 2772 rerd
375 2727 476 2770 servus
496 2706 662 2780 ordinetur,
684 2705 842 2786 ignorante
856 2705 999 2786 domino,
1022 2718 1161 2772 remanet

186 2821 201 2856 a
227 2817 340 2874 servus,
351 2797 407 2859 nisi
418 2794 656 2858 constituaturin
666 2793 769 2869 sacris,
785 2799 815 2855 et
829 2795 886 2856 nisi
898 2797 1022 2878 insuper
1034 2797 1160 2861 domino

187 2908 201 2945 n
227 2886 368 2950 reddatur
389 2884 518 2967 duplum
531 2883 569 2946 ab
588 2882 756 2963 Episcopo,
771 2882 818 2944 vel
837 2883 876 2944 ab
889 2884 955 2945 aliis
968 2887 1159 2967 cooperanti-

186 2998 201 3034 »
227 2975 356 3051 lius,vel
370 2973 486 3052 abipso
500 2990 601 3048 servo;
618 2971 687 3051 qui,
704 2969 826 3050 quando
841 2972 992 3052 impotens
1005 2982 1052 3036 est
1072 2979 1157 3037 salis-

186 3086 202 3124 a
228 3062 370 3136 faciendi,
385 3069 521 3124 remanet
534 3077 650 3134 servus,
666 3059 690 3121 si
706 3058 920 3136 estdiaeonus;
937 3061 961 3123 si
976 3063 1047 3124 rard
1060 3063 1098 3125 sit
1111 3081 1158 3125 sa-

188 3175 202 3212 o
227 3151 350 3224 eerdos,
368 3148 458 3210 debet
471 3147 594 3210 domino
604 3148 747 3210 inservire
761 3147 793 3208 in
807 3148 952 3212 omnihus
965 3169 1033 3231 quae
1048 3159 1158 3214 statum

187 3263 202 3300 s
229 3259 289 3302 non
303 3237 448 3301 dedecent
465 3243 496 3300 et
509 3237 615 3298 missas
629 3255 683 3318 pro
696 3235 822 3298 domino
835 3237 962 3308 offerre.
987 3240 1043 3300 nisi
1058 3239 1160 3302 domi·

188 3351 203 3388 s
230 3347 286 3391 nus
300 3343 476 3408 perannum
490 3325 588 3388 sciens
603 3325 686 3386 illum
701 3341 766 3386 esse
777 3323 960 3400 ordinatum,
977 3326 1156 3402 dissimulet,

187 3439 202 3474 a
228 3433 359 3496 eumque
374 3431 434 3476 non
445 3420 599 3476 revocet...
615 3435 630 3471 a

229 3507 391 3566 {titt-2⁰
405 3502 582 3584 coniugati,
599 3499 655 3563 nisi
675 3519 784 3564 uxores
797 3503 987 3566 consentiant
999 3509 1028 3566 et
1041 3503 1158 3569 eastita-

189 3598 249 3654 tem
264 3598 405 3654 voveant:
421 3609 488 3673 rap.
500 3591 688 3670 t'orrjapatus.
703 3589 996 3672 demoveraeonjup.
1013 3611 1092 3656 :non
1104 3611 1159 3656 au-

189 3686 250 3742 tem
263 3686 404 3742 tenentur
418 3679 605 3758 Religionem
619 3677 749 3757 ingredi,
765 3677 823 3740 nisi
837 3679 882 3742 vir
899 3688 1104 3744 assumeretur
1119 3680 1158 3744 ad
