2522 3992
203 299 261 364 llo
427 314 565 362 narcara
584 315 686 362 rorrus
705 313 788 360 runis
809 313 959 360 crrorrcr.

241 413 332 494 Resp.
356 413 388 474 S.
414 411 610 473 Athanasium
632 429 693 472 non
714 394 825 471 dixisse
839 409 870 470 S.
898 409 1062 473 Antonium
1087 411 1176 494 suisa

200 501 330 584 primmn
344 499 524 576 tancardum,
540 499 593 560 sed
603 497 693 561 fuisse
703 506 856 560 auctorem
870 497 1079 581 paddprr'mbm
1088 503 1174 564 etiam

204 591 235 651 ia
255 590 401 651 rnontibra
419 589 596 650 monasteria
614 587 852 670 aedificarentur.
875 594 904 648 et
924 589 1006 666 qudd
1027 610 1137 653 eronus
1158 593 1174 653 ἁ

204 679 349 742 monacbis
362 677 497 740 habitari
505 677 635 758 coeperit.
648 677 793 739 Caeterbm
801 683 887 756 Juxta
896 677 1076 742 eunrdemS.
1092 681 1175 743 tiba-

205 767 334 845 nasium
360 773 447 830 erant
461 765 643 828 monasteria
665 765 754 828 etiam
778 772 848 827 ante
861 765 893 827 S.
918 767 1103 844 Antonium,
1124 772 1173 832 sed

208 876 223 915 a
244 855 380 919 nondum
395 861 457 918 tam
471 855 576 918 crebra
590 861 676 916 erant
690 855 721 916 in
735 855 885 934 AEgypt03
902 872 1002 936 neque
1017 857 1096 918 ullus
1110 876 1173 920 orn·

203 965 218 1003 r
244 945 318 1006 nino
340 943 494 1005 monachas
516 949 640 1005 noverat
662 951 772 1005 castam
796 959 947 1018 eremum
966 943 1018 1006 sed
1042 945 1174 1030 quisquis

204 1053 219 1091 r
244 1031 300 1094 sibi
313 1049 417 1094 rraeare
435 1037 577 1114 cuperet,
599 1032 624 1093 is
637 1030 718 1094 haud
738 1030 844 1112 procul
859 1033 876 1092 a
890 1049 946 1094 suo
965 1032 1030 1095 vico
1049 1035 1174 1098 solitarie

205 1143 220 1179 n
245 1137 277 1182 se
300 1119 500 1182 exercebat.»
524 1123 604 1203 Ergo
617 1120 732 1183 nedum
752 1119 832 1182 dicat
845 1121 876 1182 S.
903 1123 1069 1185 Antonium
1089 1125 1174 1188 luisse

203 1209 332 1290 primam
345 1209 534 1282 monachum
552 1210 738 1274 contrarium
755 1207 880 1290 positive
895 1209 1023 1274 affirmat
1036 1213 1068 1275 S.
1086 1213 1175 1278 nua-

206 1315 317 1359 nasius.

246 1387 341 1466 Objic.
364 1393 395 1449 2⁰
424 1391 593 1453 Auctoritas
615 1391 645 1452 S.
670 1391 846 1473 Hieronymi
860 1391 913 1474 qui
936 1391 966 1452 in
987 1391 1119 1474 Epistola
1139 1397 1175 1457 ad

205 1477 236 1538 S.
253 1477 442 1540 Eustochiam
456 1479 614 1561 virginem,
638 1479 678 1541 ait
694 1499 701 1540 ε
719 1481 845 1561 «Hujus
859 1481 926 1543 vitae
935 1487 1039 1543 auctor
1051 1483 1174 1562 Paulus,

204 1587 220 1624 r
246 1563 407 1628 illustrator
423 1570 580 1630 Antonius.
598 1591 612 1627 n
631 1571 725 1650 Ergo,
741 1576 798 1631 etc.

243 1657 332 1736 Resp.
354 1655 404 1718 Sic
427 1656 507 1738 loqui
530 1659 560 1719 S.
584 1660 744 1719 Ductorem
766 1657 804 1720 de
827 1659 897 1721 solis
913 1658 1120 1739 anachoretis,
1144 1673 1178 1726 ut

203 1749 376 1806 contextum
392 1745 500 1825 legenti
517 1745 739 1827 saeilbpatcbit;
757 1747 818 1809 imb
830 1747 903 1810 alios
913 1748 1024 1811 ibidem
1040 1741 1178 1831 agnoseit

202 1833 348 1894 exstitisse
369 1833 533 1912 religiosos,
556 1837 634 1916 Ergo
650 1835 722 1898 nibil
738 1843 842 1898 contra
856 1836 964 1899 thesim
979 1837 1087 1902 deduci
1101 1841 1178 1903 ralnt

202 1937 239 1982 ex
248 1921 411 1984 assertione
426 1923 456 1984 S.
473 1923 660 2005 Hieronymi.
670 1925 757 2005 (Vide
769 1927 874 2004 ltouix,
884 1925 972 2006 ibid,
982 1948 1012 2010 p.
1024 1933 1148 1993 ttiblil
1158 1933 1178 1996 .t

587 2063 741 2123 PUNCTUlt
758 2067 789 2122 11.

355 2167 393 2213 or.
415 2167 710 2218 rursrrorraurrrrs
732 2174 840 2221 srrrns
862 2177 1018 2228 narrorosr.

238 2267 328 2328 asts.
352 2267 494 2348 Christus,
511 2280 600 2356 prout
613 2274 644 2335 in
659 2283 772 2357 puncto
786 2282 965 2360 praecedenti
975 2287 1172 2370 asseruimus,

199 2351 327 2416 instituit
349 2359 448 2439 quoad
464 2362 660 2424 substantiam
677 2365 792 2428 Statum
809 2369 982 2449 religiosum
997 2373 1073 2437 etad
1085 2377 1173 2442 illum

197 2442 440 2524 amplectendum
464 2449 599 2514 hortatus
616 2451 692 2530 tuit,
714 2455 870 2520 excitando
884 2458 921 2520 ad
940 2465 1056 2542 praxim
1071 2470 1168 2530 cousi.

197 2530 307 2594 liorurn
328 2537 572 2619 evangelicorum
589 2560 596 2600 :
612 2539 716 2622 sicque
736 2545 829 2607 voluit
842 2565 928 2610 suam
952 2549 1119 2618 Ecclesiam
1141 2557 1171 2622 ia

196 2629 376 2702 perpetuum
391 2625 454 2689 sore
468 2635 602 2690 sanctam
619 2650 627 2705 ;
648 2631 738 2710 porrd
756 2633 870 2698 admitti
890 2639 993 2719 nequit
1012 2659 1101 2723 posse
1115 2645 1171 2708 deu

195 2707 293 2772 sinoro
316 2711 346 2773 in
365 2716 497 2778 Ecclesia
515 2717 597 2798 quod
612 2717 746 2782 Christus
761 2721 889 2786 instituit
908 2733 938 2788 et
952 2727 990 2790 ad
1004 2731 1091 2811 cujus
1107 2753 1171 2815 per-

195 2807 314 2878 petuam
338 2805 454 2883 praxim
477 2805 623 2869 excitavit.
657 2810 738 2890 Ergo
763 2813 862 2876 Status
884 2815 1043 2898 religiosus
1069 2825 1168 2885 estin

192 2886 326 2950 Eeclesirt
347 2895 492 2973 perpetuo
514 2913 730 2977 permansurus
760 2921 767 2961 :
796 2923 811 2962 a
844 2903 908 2976 Oue
930 2904 1117 2974 deviendrait
1142 2913 1168 2974 le

191 2994 207 3032 r
233 2977 356 3055 monde,
372 2981 417 3040 s’il
432 2983 483 3063 n'y
497 2986 574 3046 avait
588 3004 640 3067 pas
649 2986 687 3049 de
702 2988 856 3072 religieux,
869 2993 1023 3074 inquiebat
1033 2998 1168 3063 Christus

190 3085 206 3122 a
231 3063 262 3126 in
285 3066 417 3146 quddam
441 3071 620 3137 revelatione
642 3076 673 3137 S.
690 3075 839 3142 Theresiaa
854 3081 983 3144 lactata
1006 3087 1073 3150 Non
1089 3087 1167 3152 beno

190 3170 263 3234 ergo
280 3171 298 3214 a
317 3155 499 3234 quibusdam
519 3165 684 3227 asseritur:
705 3169 788 3230 «Les
812 3170 916 3234 ordros
939 3173 1083 3256 religieux
1098 3187 1166 3240 sont

189 3261 205 3300 r
230 3259 291 3303 une
305 3245 519 3323 superfetatiorr
534 3249 609 3314 dans
624 3242 754 3338 l’llglise
770 3276 813 3320 un
824 3259 914 3322 btton
928 3261 1005 3325 dans
1020 3265 1062 3328 les
1077 3287 1167 3330 roues

188 3351 204 3390 a
229 3327 266 3431 de
282 3316 473 3417 l’Spiscopat.
488 3359 504 3396 a
521 3342 695 3407 -Admitti
711 3353 811 3409 tamen
823 3355 919 3431 potest
934 3353 1015 3432 qudd
1023 3355 1104 3429 Ordo
1114 3357 1167 3418 ati·

188 3435 255 3516 pars
279 3421 436 3500 religiosus
458 3425 488 3487 in
517 3432 686 3508 particulari
709 3436 802 3517 possit
828 3438 991 3520 aliquando
1012 3442 1164 3520 delicere,

188 3507 249 3564 rmd
270 3510 350 3586 quod
372 3515 466 3590 possit
487 3523 539 3578 aut
561 3519 669 3581 debeat
688 3525 853 3606 supprimi,
874 3528 898 3589 si
920 3529 1166 3614 incorrigibiliter

187 3591 364 3760 pipprpgptps
385 3597 483 3664 fuerit.
505 3605 591 3682 (Vide
613 3627 661 3690 ap.
686 3611 799 3691 Bouix,
824 3613 868 3678 De
890 3617 1008 3698 Reput,
1029 3627 1164 3702 tamt,
