2522 3996
466 255 551 302 uranu
573 254 691 302 antuus.
997 236 1036 300 33

98 356 189 418 1359.
209 377 225 412 o
243 357 289 414 hn
303 352 387 415 laicis
400 352 452 434 qui
473 351 549 413 intra
563 353 691 413 claustra
705 349 888 426 regularium
902 349 1036 412 habitant

59 466 72 502 a
98 453 128 504 et
149 443 208 504 illis
228 451 296 506 actu
320 442 470 516 serviunt,
490 441 605 522 possint
627 441 789 522 Regulares
810 442 1036 503 Sacramentum

59 557 72 590 a
100 532 297 593 Eucharistrae
328 539 463 611 tempore
486 530 626 608 Paschae,
658 549 693 593 ac
715 527 1037 593 Extremas-Unctionis

60 645 73 680 ι
99 621 291 694 ministrare,
315 637 372 682 nec
399 638 462 682 non
488 619 520 680 in
542 637 647 681 earum
670 619 805 682 ecclesiis
823 617 935 681 eisdem
957 617 1037 678 laicis

60 734 74 768 a
98 711 288 791 sepulturam
300 707 397 770 darei
412 741 450 755 -
464 710 494 770 S.
512 709 636 788 Congu,
652 707 709 770 sub
732 726 837 770 mense
856 709 923 787 jun.
947 709 1036 782 1581,

60 823 74 858 r
100 799 273 880 rescripsit:
287 816 406 880 pesse.»
426 795 514 877 hpud
530 799 563 856 D.
585 796 688 872 Bouix,
704 798 748 860 lle
762 796 903 870 Patroclo,
919 815 949 876 p.
966 797 1035 856 159.

98 889 133 950 11
155 886 310 949 decisione
324 893 425 948 autem
446 890 568 948 11111.
589 889 685 964 1111,
705 886 850 949 edictum
870 883 925 946 luit
942 884 1037 946 teneri

62 999 77 1038 ι
101 978 237 1056 recipere
248 975 495 1037 communionem
506 974 699 1055 (paschalem)
709 975 739 1036 in
749 973 900 1056 parochia,
910 973 1038 1036 lanarios

62 1087 76 1124 ο
101 1063 281 1126 monialium
301 1064 446 1146 degentes
467 1063 497 1124 in
510 1063 651 1125 domibus
665 1064 727 1125 sitis
741 1064 770 1125 in
784 1065 867 1126 atriis
887 1071 1036 1124 monaste·

62 1177 76 1211 a
101 1154 219 1214 riorum
239 1171 328 1216 muro
342 1152 578 1221 circumvallatis.
601 1171 669 1234 quae
683 1155 906 1234 suntoontigua
921 1169 1038 1214 monas·
1135 1215 1143 1242 Ι

61 1266 76 1300 a
99 1242 184 1304 tertis
198 1259 271 1304 cum
290 1242 383 1321 janua
397 1259 465 1322 quae
478 1241 665 1303 clauditur.»
683 1241 786 1318 Unde,
807 1260 878 1304 casu
893 1241 1036 1322 privilegii

62 1331 202 1411 specialis
223 1336 368 1412 excepto,
385 1348 446 1391 non
461 1329 634 1392 eximuntur
654 1330 692 1392 ab
705 1331 887 1412 obligatione
899 1348 1037 1392 commu-

64 1419 185 1480 nicandi
200 1418 230 1480 in
245 1417 404 1499 parochie,
419 1426 556 1500 tempore
570 1419 736 1496 Paschatis,
760 1419 863 1482 farnuli
885 1425 1037 1480 monaste-

64 1509 196 1581 riorum,
212 1507 270 1569 nisi
284 1507 384 1568 vivant
397 1507 474 1568 intra
488 1509 583 1589 ipsam
597 1507 768 1570 clausuram
782 1515 811 1570 et
824 1507 881 1570 suh
894 1506 1037 1569 obedien·

64 1598 102 1658 tia
116 1596 516 1678 Praelatorumregularium.
529 1597 561 1658 S.
576 1596 696 1677 liguor.
711 1596 777 1674 (lib.
789 1602 819 1667 6,
836 1600 870 1657 n·
883 1600 953 1674 110,
963 1599 1036 1674 101).

103 1685 160 1757 Qui
182 1691 341 1746 morantur
363 1683 442 1766 apud
466 1684 620 1766 regulares
637 1692 783 1766 tanquam
801 1684 949 1765 hospites,
967 1703 1038 1765 pas·

62 1772 182 1836 chalem
195 1774 446 1836 communionem
460 1774 492 1836 in
509 1773 649 1854 parochia
663 1773 796 1855 recipere
809 1773 929 1835 dehent.

104 1866 196 1927 1360.
228 1863 394 1944 Regulares
429 1869 556 1944 possunt
581 1863 830 1925 communionem
861 1861 1039 1926 distribuere

62 1951 270 2026 saecularibus,
285 1951 421 2032 quolibet
433 1949 575 2027 dieanni,
593 1952 657 2013 solo
671 1958 796 2034 excepto
807 1951 856 2014 die
871 1951 1036 2028 reschaim

63 2041 126 2102 imo
147 2058 203 2121 pro
223 2039 489 2102 communionem
509 2038 557 2102 die
572 2040 733 2112 Paschatis,
751 2041 913 2121 Ronmglia
930 2047 960 2103 et
977 2042 1040 2101 Wi-

63 2127 176 2210 gandt,
192 2127 272 2210 apud
288 2129 319 2190 S.
336 2129 457 2210 Liguor.
474 2128 537 2202 tlih.
553 2132 584 2204 6,
601 2133 718 2206 11111),
735 2131 790 2209 5⁰),
813 2129 917 2192 dicunt
930 2129 960 2190 in
981 2129 1040 2192 hoc

62 2225 253 2280 constantem
281 2215 385 2280 adesse
417 2217 668 2280 consuetudinem
690 2219 722 2281 in
744 2218 946 2294 contrarium,
971 2238 1039 2299 quae

61 2305 300 2384 jurisdictionem
313 2305 437 2387 praehet,
451 2323 512 2368 non
526 2314 627 2369 tamen
638 2306 809 2388 hujusmodi
824 2307 1040 2372 communione

65 2395 240 2476 impleretur
253 2401 452 2477 praeceptum
469 2396 541 2470 imo,
554 2397 639 2475 juxta
654 2398 689 2459 h.
706 2396 800 2460 Bouix
815 2397 869 2476 (Be
885 2396 1037 2477 11191111,

64 2493 83 2544 1.
100 2489 131 2556 9,
142 2503 174 2566 p.
188 2487 271 2564 tua),
284 2503 346 2547 non
356 2487 482 2548 omnino
492 2493 609 2548 constat
620 2486 700 2549 hano
710 2485 965 2549 consuetudinum
975 2503 1040 2548 esse

64 2573 248 2652 generalem.

102 2665 172 2723 Non
186 2662 254 2724 licat
268 2662 475 2744 regularibus,
491 2665 605 2745 absque
624 2663 744 2728 licentia
757 2665 899 2746 Episcopi
922 2672 975 2728 aut
988 2667 1041 2728 Pa·

63 2750 162 2826 rochi,
194 2750 313 2832 publice
334 2749 550 2814 Eucharistiam
572 2751 689 2815 deferre
712 2752 750 2816 ad
773 2753 925 2832 infirmos,
950 2756 1039 2817 etiam

63 2846 147 2901 extra
160 2855 265 2901 casum
281 2839 384 2904 Viatiei
398 2840 470 2902 :sed
483 2841 702 2905 cousuetudine
715 2843 833 2904 tanthm
847 2841 903 2905 hoc
917 2843 1039 2906 vetitum

64 2933 119 2990 est.
135 2926 212 2990 Vide
227 2927 336 3006 Bouix,
351 2928 396 2991 Ile
410 2928 565 3012 11191111,
579 2939 654 2992 tom.
670 2935 699 3006 1,
716 2951 746 3014 p.
764 2935 832 2995 199.

103 3019 149 3078 De
163 3017 262 3099 prima
275 3018 502 3090 communione,
518 3019 585 3081 vide
598 3019 677 3082 dicta
690 3039 781 3103 supra
790 3022 880 3104 (613).

104 3109 195 3168 taor.
220 3109 254 3168 ln
273 3107 411 3169 oratoriis
432 3109 555 3189 privetis
576 3111 752 3173 communio
769 3110 833 3173 dari
856 3115 961 3193 nequit
975 3115 1040 3178 sine

64 3193 186 3256 licentia
199 3193 356 3275 Episcopi,
377 3197 432 3258 etsi
461 3197 494 3258 in
521 3197 565 3259 eis
582 3197 705 3261 missam
723 3200 896 3263 celebrandi
919 3203 1040 3265 obtenta

64 3281 155 3344 luerit
182 3301 201 3344 a
222 3284 253 3344 S.
275 3281 352 3345 Sede
373 3283 502 3348 licentia.
524 3288 566 3348 lta
587 3287 746 3351 declaravit
766 3289 879 3352 Bened.
906 3293 987 3365 xlv,
1010 3293 1039 3354 in

65 3369 228 3452 llnoycliet
244 3371 361 3454 Meque,
375 3374 438 3452 jam
452 3374 539 3436 citata
553 3377 662 3460 (1351).

107 3463 195 3521 1361.
220 3459 304 3522 Idem
330 3462 442 3524 Bened.
469 3465 532 3525 lllll
558 3465 725 3546 (111811,
749 3467 801 3530 lib.
827 3471 877 3544 11,
898 3487 964 3550 cap.
989 3475 1038 3550 11,

67 3561 97 3610 n·
114 3553 162 3624 111)
177 3566 248 3610 cum
264 3549 401 3630 pluribus
414 3550 480 3612 aliis
493 3554 618 3614 asserit:
639 3575 654 3612 a
670 3556 820 3636 integrum
837 3555 925 3618 hodie
940 3559 1039 3618 omni-

69 3659 81 3694 ·
105 3637 162 3698 hus
174 3655 253 3715 esse,
265 3637 297 3698 in
315 3637 449 3718 qualibet
460 3639 596 3717 ecclesia,
607 3643 699 3704 modd
712 3661 773 3705 non
786 3645 861 3707 ait...
876 3643 1036 3704 oratorium
