2528 3996
203 255 262 317 581
422 270 559 316 nanuum
579 269 679 314 rorrus
698 269 780 314 ruars
801 269 951 316 11111111.

204 374 267 436 rius
285 369 368 453 quod
385 388 417 434 se
431 367 600 432 abstineant
615 386 623 442 ;
640 385 696 429 neo
718 367 809 429 etiam
834 365 1048 448 Superiorissae
1069 362 1201 426 debent

205 460 452 526 communionem
467 457 640 539 permittere
656 455 714 518 nisi
735 455 778 518 eis
791 475 860 538 quae
874 453 954 518 hanc
964 453 1128 516 licentiam
1144 452 1200 514 ba-

207 551 277 614 bent
292 551 308 612 1
323 547 516 612 confessario.
543 546 634 608 Juxta
654 545 815 608 Decretum
833 547 865 608 S.
890 546 1001 626 Congr.
1026 543 1130 605 Cone.
1161 547 1197 604 11

208 659 271 722 apr.
298 642 392 712 ttae,
409 634 608 718 permittenda
625 635 801 698 communio
816 634 997 697 monialibus
1014 631 1084 694 ode
1099 631 1199 694 licen

209 751 223 789 1
247 730 287 790 tit
301 724 472 790 confessarii
489 722 650 798 ordinarii,
665 731 694 786 et
709 741 770 787 non
784 723 980 796 directorum,
995 720 1113 802 praevia
1130 739 1199 802 par-

207 841 223 877 »
248 816 420 897 tieipaticne
434 812 549 875 Praelati
563 810 723 874 Ordinarii.
739 834 755 872 a
773 812 850 876 Vide
865 811 1022 880 Analecta,
1039 813 1096 873 50·
1112 810 1197 878 liar..

208 907 266 970 col.
279 899 902 983 1633.-6.6.Ερῑεοορ.116111111111
912 901 981 963 mail
994 899 1199 973 1818111111-

210 988 1198 1073 ravit‹rposseSuperiorem(nonSuperiorissamlfrequentiorem

210 1109 225 1146 a
251 1085 304 1146 SS.
321 1077 506 1143 Sacramenti
520 1081 746 1160 perceptionem
767 1080 802 1142 iis
816 1079 997 1142 monialibus
1011 1080 1200 1160 permittere

210 1196 226 1234 a
250 1189 319 1254 quae
333 1168 460 1250 puritate
474 1168 584 1228 mentis
598 1169 732 1246 eniterent
745 1177 775 1232 et
786 1168 902 1232 feruore
917 1169 1038 1251 spiritus
1052 1167 1098 1228 ita
1115 1169 1201 1232 toea·

210 1283 226 1322 a
251 1259 361 1322 luerint
374 1265 407 1320 ut
419 1256 520 1338 dignae
532 1255 740 1337 videantur...,
754 1258 899 1339 requisita
912 1255 950 1319 ab
965 1255 1036 1338 ipsis
1047 1257 1199 1318 moniali-

211 1373 227 1411 r
250 1350 309 1412 bus
326 1346 499 1410 confessarii
518 1345 637 1407 lieentia
651 1348 737 1426 cujus
758 1347 873 1424 judicio
892 1365 925 1409 so
948 1343 1195 1408 conforment.»

214 1438 302 1522 Apud
316 1435 472 1508 Analecta,
488 1438 538 1497 50·
554 1435 630 1508 lira,
643 1437 701 1498 col.
722 1440 809 1499 1535.
841 1435 879 1498 ta
893 1432 934 1497 tf.
949 1453 1019 1516 epp.
1033 1434 1085 1497 lV.

252 1547 342 1608 3011.
358 1544 432 1602 ltem
446 1538 585 1601 monialis
606 1541 757 1620 prohiberi
782 1539 886 1621 nequit
906 1557 946 1602 ne
966 1536 1197 1602 confessarium

214 1634 301 1700 adeat
321 1637 404 1694 extra
425 1627 489 1691 dies
512 1628 742 1704 determinatos,
759 1629 815 1690 nisi
830 1634 982 1692 constaret
1007 1625 1037 1689 id
1060 1625 1103 1688 ab
1132 1631 1198 1710 ipat

214 1722 356 1807 postulari
370 1720 484 1800 absque
497 1717 558 1780 ullt
573 1719 768 1797 necessitate,
792 1737 831 1781 ex
847 1717 938 1780 meris
953 1715 1130 1799 scrupulis,
1147 1726 1198 1780 eut

214 1813 374 1878 uriacense
388 1809 510 1891 prorsbs
533 1807 734 1871 insufficienti.
760 1807 836 1870 Vide
850 1807 967 1886 Bouix,
993 1805 1048 1884 tt,
1065 1825 1100 1887 p.
1120 1812 1197 1870 tutt-

255 2004 343 2062 3015.
365 1997 492 2071 Quando
505 2005 605 2060 autem
623 1997 772 2060 rationem
793 2015 856 2058 sua
875 1994 1069 2058 conscientie
1088 1992 1193 2076 Supe-

216 2089 343 2152 riorissis
360 2090 422 2149 suis
444 2086 592 2164 reddunt,
612 2086 759 2148 moniales
779 2103 841 2148 non
863 2091 1006 2148 tenentur
1035 2083 1195 2146 declarare

216 2184 337 2260 peecata
356 2194 409 2238 sua
422 2175 580 2256 prasentia
591 2181 644 2238 aut
657 2175 825 2257 praeterita;
849 2172 903 2236 sed
916 2179 1057 2236 tenentur
1070 2176 1195 2235 tanturn

216 2267 366 2329 declarare
386 2283 442 2327 suo
461 2264 654 2326 confessario.
676 2266 719 2327 lta
741 2263 851 2326 decidit
869 2264 900 2325 S.
920 2263 1070 2343 Congrrg.
1086 2261 1195 2344 Episc.
1261 2299 1262 2306 .

215 2363 247 2418 et
260 2354 379 2437 Regni,
393 2372 475 2416 anno
489 2357 576 2416 1851.
590 2353 664 2415 Vide
678 2352 833 2428 Analecta,
840 2353 922 2430 janu.
940 2355 1028 2427 1859,
1039 2349 1100 2413 col.
1118 2357 1196 2416 tam

215 2453 246 2508 et
261 2448 348 2507 1316.
379 2438 414 2500 Et
427 2439 472 2500 Cf.
490 2438 654 2504 decretum
665 2439 699 2505 111
712 2439 791 2522 tlpp.
806 2437 858 2505 IV.

256 2547 344 2608 3016.
360 2541 482 2615 Quaerit.
505 2545 538 2604 9·
552 2543 696 2614 Ouaenam
717 2541 755 2602 sit
777 2545 908 2622 potestas
926 2539 1130 2622 Superiorum
1156 2561 1197 2604 re

217 2634 368 2720 gularium
384 2632 464 2695 cirea
477 2630 698 2694 confessionem
712 2628 929 2694 subditorum?

256 2740 347 2818 Hesp.
370 2737 414 2796 De
427 2733 485 2796 boo
498 2730 628 2794 diximus
648 2750 739 2814 supra
755 2733 957 2810 (15161580,
981 2733 1082 2808 tote).

256 2845 335 2909 Nota
350 2843 473 2924 insuper
489 2846 518 2904 1ο
532 2839 613 2921 quod
628 2839 803 2921 Superiores
823 2839 976 2920 regulares
994 2839 1113 2920 possint
1130 2859 1201 2905 sus-

217 2936 348 3017 pendere
361 2951 431 2994 suos
446 2929 580 2994 subditos
593 2928 809 2992 beonfessione
819 2948 854 2992 ex
864 2928 1022 2991 informati
1030 2931 1200 2994 conscien-

217 3027 274 3176 ticpl,
294 3029 425 3184 lpppppter
446 3019 553 3082 delicta
574 3019 702 3082 occulta.
727 3017 802 3082 Vide
820 3017 966 3082 Analecta
986 3017 1198 3100 (1111111855.

256 3227 287 3283 2⁰
305 3219 390 3293 Qutld
415 3221 499 3298 iuxta
526 3219 681 3282 decretum
705 3218 868 3284 Clementis
881 3221 970 3281 Vlll:
990 3220 1087 3281 «Non
1104 3219 1200 3284 liceat

217 3333 233 3370 a
257 3307 1198 3392 Superioribusregalariumconfessionessubditorumaudire,

217 3421 233 3458 a
257 3400 314 3461 nisi
329 3398 450 3480 quando
467 3405 622 3480 peccatum
641 3397 763 3480 aliquod
787 3407 970 3460 reservatum
992 3397 1197 3471 admiserint,
1260 3391 1261 3444 ἶ

218 3508 233 3545 a
257 3494 308 3549 aut
327 3487 446 3567 ipsimet
468 3487 577 3547 subditi
601 3493 708 3568 sponte
728 3493 779 3549 aut
793 3487 915 3568 proprio
929 3493 1031 3562 motu,
1050 3485 1081 3548 id
1095 3487 1139 3548 ab
1154 3491 1200 3552 eis

218 3596 233 3634 1
258 3576 405 3656 petierint.
421 3597 436 3634 a
446 3574 531 3639 Unde
543 3577 627 3653 juxta
640 3574 781 3636 eumdem
794 3573 981 3648 Pontificem,
997 3574 1060 3636 duo
1074 3575 1122 3636 rel
1136 3585 1200 3640 tres

220 3663 389 3730 confessarii
404 3665 434 3728 in
448 3663 575 3747 singuiis
589 3664 777 3726 monasteriis
791 3669 862 3724 sunt
882 3665 899 3724 rt
914 3663 1126 3746 superioribas
1139 3667 1197 3728 ‹lr-
