2522 3996
225 260 265 321 20
444 277 580 323 nanuum
600 277 702 322 sonus
720 275 803 322 turus
822 271 973 321 amorum

225 387 255 439 et
275 385 423 459 quantum
442 377 481 440 de
500 381 569 459 jure
586 377 701 440 admitti
724 377 849 452 debeat,
875 395 910 438 ac
933 378 1124 457 praescntanti
1144 379 1198 459 jus

224 477 374 550 competat
406 474 436 530 et
461 473 640 550 praesentato
664 465 738 528 nihil
764 467 803 528 de
827 465 895 544 jure
918 465 1006 545 objici
1030 467 1133 547 possit.
1163 467 1198 530 Si

224 557 295 617 vero
315 557 466 635 reiiciatur
484 555 671 638 praesentatio
690 553 821 634 legitime
836 553 922 626 sacta,
942 554 1083 635 appellari
1099 563 1199 637 potest

225 643 262 706 ad
275 645 460 726 superiorem
475 643 644 723 rejicientis.
665 643 695 705 Si
712 651 854 724 patronus
874 642 950 704 intra
967 643 1102 706 debitunt
1121 651 1199 706 tem-

224 751 281 814 pus
295 751 355 796 non
371 739 545 816 praesentet,
560 733 605 794 rel
619 733 643 794 si
660 731 818 812 indignum
833 739 1012 812 praesentet,
1026 732 1144 796 coilatio
1157 733 1199 796 ad

225 823 410 903 superiorein
423 821 599 885 devolvitur.
614 823 656 882 lta
671 821 813 896 Leuren.‚
827 840 876 903 ap.
898 820 993 882 Bouix
1010 820 1075 900 (it,
1090 841 1121 904 p.
1135 827 1198 886 303

225 917 254 972 et
267 914 347 987 att).

263 1000 396 1063 Omnind
410 999 578 1062 necessaria
595 1005 640 1062 est
653 999 798 1062 institutio
818 1005 852 1062 ut
870 999 940 1080 quis
956 997 1101 1064 efficiatur
1120 997 1197 1085 iegi-

225 1087 317 1152 timus
331 1097 429 1152 rector
443 1089 591 1170 parochiae
600 1088 676 1169 juris
691 1091 875 1170 patronatirs.

268 1177 312 1238 nd
330 1179 511 1260 Episcopum
531 1195 584 1240 seu
600 1177 812 1252 ordinarium,
827 1177 865 1239 de
876 1179 945 1257 jure
958 1179 1112 1242 communi
1127 1199 1197 1261 per-

226 1266 299 1328 tinet
314 1267 467 1329 instituere
480 1268 619 1328 omnesa
639 1266 772 1347 patronis
786 1274 980 1347 praesentatos
989 1265 1031 1329 ad
1049 1267 1199 1333 beneficia

226 1373 288 1418 suae
310 1355 457 1418 diaecesis.
476 1355 559 1416 idern
579 1360 674 1435 potest
694 1354 862 1435 Capitulum
885 1362 915 1416 et
934 1353 1043 1418 deinde
1060 1356 1197 1422 vicarius

226 1444 418 1526 Capitularis,
436 1443 513 1506 Sede
533 1449 666 1506 vacante.
682 1445 757 1504 Item
775 1450 872 1524 potest
889 1443 1042 1507 instituere
1059 1445 1197 1512 Vicarius

114 1537 115 1540 ’
226 1533 396 1606 Generaiis,
411 1534 500 1596 etiam
510 1551 547 1594 ex
561 1533 692 1614 generati
707 1533 920 1595 commissione
934 1533 980 1594 sui
994 1533 1099 1596 Officii.

267 1626 353 1685 tatu.
378 1623 489 1685 Praevia
517 1622 554 1684 ad
581 1621 818 1696 institutionem,
843 1639 969 1684 examen
997 1641 1086 1705 super
1114 1626 1198 1688 insti-

225 1711 328 1774 tuendi
339 1711 499 1775 idoneitate
509 1711 572 1772 sieri
584 1711 674 1772 debet
688 1714 704 1771 a
719 1711 854 1774 iocorum
868 1710 1035 1772 Ordinariis
1045 1759 1052 1786 ,
1064 1714 1118 1776 etsi
1133 1715 1197 1776 ins-

226 1801 323 1864 titutio
338 1801 422 1863 fieret
442 1801 591 1862 aNuntiis
606 1802 637 1862 S.
653 1798 739 1862 Sedis
757 1798 881 1876 (Concil.
899 1799 1053 1878 Trident,
1072 1821 1145 1864 sess.
1162 1811 1193 1876 7,

225 1909 253 1950 c.
272 1893 324 1962 13,
341 1897 369 1952 ct
383 1908 456 1952 sess.
473 1893 528 1966 25,
542 1907 570 1950 c.
587 1889 626 1968 9).
641 1890 714 1950 Item
734 1887 883 1950 Ordinarii
898 1887 1073 1971 approbatio
1086 1896 1197 1974 praeria

225 1985 270 2040 est
285 1979 459 2044 necessaria.

265 2069 331 2128 Non
353 2067 442 2129 debet
463 2067 540 2129 ultra
562 2071 706 2130 semestre
724 2065 855 2148 protrahi
879 2067 1042 2145 institutio,
1063 2074 1092 2130 et
1110 2076 1195 2134 ante-

226 2173 317 2237 quam
332 2156 395 2238 ipsa
405 2155 456 2218 fiat
466 2204 473 2228 ,
484 2155 628 2238 publicari
640 2155 728 2219 debet
737 2155 867 2218 edictum
879 2175 940 2237 quo
948 2157 1079 2219 citantur
1088 2177 1196 2223 ornnes

226 2245 368 2306 interesse
391 2245 549 2322 nabentes;
569 2263 655 2307 secus
677 2245 802 2306 omnino
821 2243 902 2306 irrita
920 2251 965 2306 est
986 2245 1144 2310 institutio.
1156 2283 1195 2296 -

224 2334 366 2410 Leuren.‚
382 2334 462 2415 apud
477 2335 571 2396 Bouix
586 2334 641 2410 (De
651 2333 794 2408 Paroria,
806 2353 835 2414 p.
853 2337 1008 2412 305-307).

265 2427 353 2484 1327.
376 2424 496 2494 Quaerit.
513 2428 544 2484 2⁰
559 2425 703 2495 Quaenam
722 2422 806 2484 dotes
820 2421 1011 2504 requirantur
1029 2423 1060 2485 in
1074 2444 1197 2508 promo-

225 2511 328 2574 vendis
342 2512 379 2574 ad
393 2513 525 2576 odicium
542 2511 729 2594 parochiale?

264 2603 353 2685 Resp.
370 2603 430 2665 Etsi
448 2621 517 2684 quae
532 2619 623 2682 supra
642 2601 773 2663 diximus
787 2602 949 2678 (tea-tea)
965 2599 1101 2665 sufficere
1124 2623 1196 2686 pos·

223 2691 302 2764 sint,
320 2693 405 2754 nobis
418 2699 519 2753 tamen
534 2690 607 2752 utile
624 2688 741 2752 ridetur
754 2689 803 2751 htc
819 2689 1016 2753 transcribere
1032 2711 1069 2754 ex
1083 2695 1196 2756 Leure-

224 2783 275 2842 nio
292 2783 447 2864 sequentia
464 2783 544 2844 circa
557 2779 732 2860 requisitam
755 2779 928 2840 scientiam:
944 2781 1124 2862 requiritur,
1147 2785 1195 2846 in·

224 2871 320 2953 quito
329 2871 440 2932 uttaies
450 2868 667 2951 (promovendi)
677 2867 854 2930 sciantinter
864 2868 1194 2953 peccatadistingucre,

223 2983 238 3018 u
263 2959 459 3040 Evangeiium
482 2957 657 3028 decimare,
688 2963 875 3018 sacramenta
900 2957 955 3018 rite
984 2958 1195 3027 administrare

222 3071 238 3108 a
261 3047 419 3126 (Trident,
435 3065 507 3108 sess.
524 3051 574 3123 24,
589 3065 617 3110 c.
638 3049 684 3123 ta,
695 3045 730 3108 de
744 3045 893 3126 resono),
906 3045 1042 3128 adeoque
1056 3051 1153 3129 major
1164 3054 1196 3116 in

222 3159 237 3197 a
264 3138 299 3198 iis
312 3137 473 3218 requiritur
487 3137 611 3199 scientia
625 3139 718 3218 quarn
733 3136 764 3196 in
779 3133 905 3216 simplici
921 3136 1084 3198 sacerdote.
1101 3161 1117 3197 u
1136 3141 1196 3202 Fo-

222 3245 290 3286 rum
305 3226 433 3308 benefic,
447 3244 477 3306 p.
492 3229 523 3298 t,
536 3244 567 3305 q.
583 3229 653 3287 sto.
674 3227 855 3286 -Necesse
877 3225 948 3286 verd
962 3243 1024 3286 non
1048 3231 1092 3288 est
1112 3231 1196 3310 qudd

222 3316 280 3376 sint
294 3315 433 3377 doctores
446 3315 492 3376 vet
508 3314 649 3376 licentiati
664 3314 791 3392 (Bouix,
808 3308 895 3388 ibid,
912 3332 941 3394 p.
959 3316 1039 3393 334).

262 3408 349 3466 taes.
373 3406 493 3476 Quaerit.
517 3407 550 3466 3ο
566 3406 588 3465 Α
606 3422 667 3484 quo
686 3408 840 3464 momento
855 3401 1003 3484 parochus
1017 3404 1068 3484 J'us
1086 3404 1196 3472 habeat

221 3491 259 3556 ad
272 3492 474 3555 emolumenta
484 3511 539 3556 suo
548 3491 647 3556 officio
657 3491 829 3573 assignata?

260 3581 335 3642 Vide
350 3582 531 3644 solutionem
542 3581 632 3662 hujus
644 3581 727 3644 dubii
744 3580 820 3642 inira
833 3583 945 3660 (crta).

262 3671 425 3754 Quousque
454 3673 525 3734 verti
548 3669 697 3755 parochus
717 3671 877 3734 translatus
896 3669 1010 3735 fructus
1028 3673 1194 3738 ecciesiaea
