2550 3992
446 273 533 322 masa
551 273 709 324 sacoaras.
1010 267 1069 333 033

21 433 23 480 t
91 378 167 454 lida,
190 380 215 444 si
238 379 342 443 omnia
362 378 744 446 camulialiaohserrentur
758 401 766 444 :
782 381 856 446 illud
877 388 924 448 est
948 383 987 447 de
1010 383 1069 448 660

19 591 21 596 .
90 579 106 618 r
131 557 220 622 datur
233 558 272 622 ab
287 557 456 634 haereticis,
476 558 507 620 in
523 558 646 622 nomine
665 559 761 622 Patris
774 567 804 622 el
818 561 883 624 Filii
897 570 926 625 01
941 563 1068 646 Spiritus

90 669 107 707 ι
133 649 254 726 Sancti,
266 666 338 711 curn
353 647 520 711 intentione
531 647 658 710 laciendi
669 648 750 732 quod
766 649 834 713 lacit
848 651 997 730 Ecclesia,
1008 671 1067 714 non

89 759 105 798 6
130 755 197 800 csso
209 755 315 801 rerum
332 737 537 818 Baptismum,
552 737 712 801 anathema
732 738 770 801 sit
789 761 805 798 6
822 739 929 818 (Trid,
948 759 1021 804 sess.
1037 747 1066 819 t,

89 845 158 891 can.
171 827 212 908 1).
227 829 302 889 item
318 826 347 887 in
358 825 425 888 aliis
439 826 653 904 sacramentis,
668 825 707 890 de
723 827 837 892 sideest
850 829 950 912 quoad
965 831 1068 894 minis·

88 923 152 978 lros
172 923 294 998 peccato
312 915 430 977 mortali
451 915 650 998 inquinatos:
674 916 736 980 «Si
754 917 824 998 quis
836 918 946 981 dixerit
965 921 1068 982 minis·

88 1027 105 1066 6
130 1013 228 1080 trum,
240 1005 271 1067 in
282 1011 405 1087 peccato
417 1003 536 1068 mortali
552 1005 1070 1082 existentem,moddomniaessen·

88 1116 105 1155 »
131 1093 211 1158 tislia
237 1114 307 1178 quae
328 1093 365 1156 ad
393 1096 623 1157 Sacramentum
645 1093 871 1158 conficiendum
900 1099 1067 1178 pertinent,

88 1205 105 1244 6
129 1183 306 1258 servaverit,
331 1201 392 1246 non
415 1183 566 1246 conficere
588 1191 639 1246 aut
660 1183 798 1247 conferre
821 1187 1067 1264 Sacramentum,

88 1293 104 1333 ι
130 1270 290 1336 anathema
304 1271 370 1336 sita
390 1271 494 1352 (Trid.
511 1290 584 1334 sess.
600 1276 710 1346 ’1,066.
729 1275 789 1350 12).
802 1273 878 1337 Vide
889 1275 994 1338 omnia
1006 1273 1070 1338 hac

88 1361 225 1426 discussa
239 1360 319 1442 apud
330 1359 485 1442 theologos
498 1359 697 1441 dogmaticos.

129 1453 221 1514 3193.
244 1451 365 1514 Certum
381 1453 483 1524 00110,
499 1456 532 1511 ul
550 1449 629 1512 licite
643 1457 674 1512 et
692 1450 862 1514 secundum
882 1442 1026 1539 ordinem
1039 1455 1069 1518 in

88 1540 224 1604 Ecclesia
250 1539 438 1616 institutum,
463 1540 657 1602 Sacramenta
677 1538 934 1610 administrentur.
958 1544 1069 1624 requiri

89 1629 122 1692 in
150 1629 288 1692 ministro
319 1627 561 1708 jurisdictionem
591 1627 776 1692 ordinariam
808 1631 855 1692 vel
882 1629 1068 1712 delegatam,

88 1726 216 1800 excepto
240 1725 341 1782 tamen
368 1717 552 1780 necessitatis
581 1735 680 1795 casu,
709 1735 765 1800 pro
791 1737 854 1801 quo
879 1721 1069 1802 generaliter,

89 1805 1071 1890 ministriomnesSacranrentorumabEcclesiltdeleganturNide

89 1895 171 1960 dicta
188 1915 279 1980 supra
292 1899 492 1974 (13161387,
510 1899 696 1972 16161661,
714 1899 908 1970 taut-1998).
925 1899 1070 1971 Quisnam

89 1987 162 2049 aero
185 1987 222 2048 sit
246 1985 369 2069 praecise
395 1984 532 2047 minister
559 1987 842 2064 sacramentorum,
865 1987 1072 2050 diceturinlra

90 2074 248 2158 loquendo
262 2076 300 2137 dc
314 2074 442 2156 singulis
458 2075 489 2136 in
498 2074 598 2157 specie
612 2075 823 2139 Sacramentis.

119 2170 222 2230 3164.
245 2165 368 2239 Quaerit.
392 2167 424 2226 2⁰
449 2168 494 2225 an
518 2174 775 2227 sacramentorum
792 2167 929 2229 minister
943 2166 1071 2250 graviter

77 2255 198 2339 'peccet
213 2255 263 2318 illa
276 2254 475 2317 ministrando
486 2253 516 2315 in
530 2261 608 2317 statu
624 2256 737 2336 peccati
753 2256 908 2318 rrrnrtalis?

134 2349 224 2428 ltcsp.
235 2345 288 2408 Vel
303 2343 492 2406 administrat
505 2345 698 2406 Sacramenta
714 2364 768 2425 pro
782 2345 893 2427 quinus
901 2351 946 2408 est
959 2347 1072 2429 specia-

89 2435 160 2498 liter
182 2433 353 2512 ordinatus,
368 2433 413 2495 vel
434 2449 470 2494 ea
490 2435 607 2495 1061166
622 2451 677 2512 pro
697 2433 809 2514 quitus
831 2453 891 2496 non
906 2442 951 2496 est
966 2453 1071 2498 neces·

90 2525 170 2588 saria
183 2523 356 2586 ordinatio:
382 2521 413 2585 in
429 2521 528 2604 primo
546 2539 638 2590 casu.
660 2529 778 2582 certum
792 2529 838 2584 est
851 2523 949 2585 taliter
969 2523 1073 2585 minis-

91 2619 222 2678 tranlem
250 2611 377 2696 graviter
404 2629 552 2695 peccare;
578 2610 610 2672 in
638 2608 773 2672 seeundo
795 2628 888 2680 casu,
914 2629 1025 2694 nempe
1046 2611 1072 2674 si

91 2703 354 2768 administraretur
368 2702 538 2782 Baptismus
552 2719 613 2762 non
625 2697 800 2761 solemniter
814 2699 845 2761 in
859 2718 931 2763 casu
947 2699 1073 2764 necessi-

94 2794 172 2858 tatis.
183 2793 227 2856 vel
238 2792 262 2855 si
273 2789 424 2874 agaturde
435 2787 926 2865 matrimoniumcontrahentibus,
938 2791 1072 2853 611666

90 2881 301 2946 concordant:
327 2887 417 2962 negat
438 2881 470 2943 S.
486 2878 617 2942 Thomas
630 2896 702 2941 cum
725 2877 828 2941 multis
846 2878 929 2956 aliis;
949 2887 1072 2944 econlm

89 2972 274 3036 sententiam
298 2970 496 3034 affirmantem
518 2967 751 3051 probabiliorem
769 2975 887 3050 reputat
900 2969 931 3031 S.
949 2967 1069 3052 ligator.

93 3059 158 3141 (lib.
173 3065 205 3140 6,
222 3073 256 3125 n·
271 3063 332 3142 32).
348 3058 425 3123 Vide
442 3058 573 3122 rationes
586 3075 642 3141 pro
655 3060 784 3140 utraque
802 3060 950 3123 sententia
965 3059 1070 3123 ibidem

94 3151 214 3216 relatas.

135 3245 227 3306 31911.
254 3239 376 3315 Quaerit.
404 3241 438 3304 3·
466 3241 514 3303 lin
540 3237 682 3302 sacerdos
700 3239 861 3305 conterens
886 3245 1074 3304 assumento

95 3339 234 3396 teneatur
244 3333 427 3414 praemittere
440 3327 661 3392 consessionem
675 3328 700 3392 si
715 3329 753 3392 sit
766 3330 797 3392 in
812 3329 953 3391 mortalit

137 3423 227 3504 Resp.
244 3421 365 3484 Certum
379 3427 425 3482 est
434 3417 675 3501 praemittendam
688 3435 755 3482 esse
768 3417 988 3482 contessionem
1004 3425 1073 3484 6610

95 3511 319 3578 conlectionem
332 3508 442 3572 dirius
457 3506 672 3571 Euclraristiae:
693 3509 734 3572 ita
756 3507 923 3576 Concilium
936 3508 1071 3573 trident.

96 3608 183 3682 (sess.
209 3603 258 3678 13,
277 3619 306 3663 0.
329 3603 361 3662 ’1.
385 3607 415 3662 01
432 3615 500 3662 006.
523 3599 594 3674 ll);
607 3633 643 3644 -
660 3596 683 3660 si
699 3606 804 3680 agatur
824 3597 861 3659 (lc
881 3597 946 3660 aliis
968 3599 1073 3663 Sacra·

99 3689 229 3771 trientis,
244 3689 372 3773 quatio
390 3687 642 3754 conmoritur:
657 3694 691 3760 61
707 3705 904 3751 communem
924 3694 1025 3754 umen
1038 3707 1074 3755 ao
