<?xml version="1.0" encoding="UTF-8"?>
<!DOCTYPE html PUBLIC "-//W3C//DTD XHTML 1.0 Transitional//EN"
    "http://www.w3.org/TR/xhtml1/DTD/xhtml1-transitional.dtd">
<html xmlns="http://www.w3.org/1999/xhtml" xml:lang="en" lang="en">
 <head>
  <title>
</title>
<meta http-equiv="Content-Type" content="text/html;charset=utf-8" />
  <meta name='ocr-system' content='tesseract 3.04.00' />
  <meta name='ocr-capabilities' content='ocr_page ocr_carea ocr_par ocr_line ocrx_word'/>
</head>
<body>
  <div class='ocr_page' id='page_1' title='image "./manualetotiusju01craigoog_0256.png"; bbox 0 0 2522 4028; ppageno 0'>
   <div class='ocr_carea' id='block_1_1' title="bbox 458 258 1054 320">
    <p class='ocr_par' dir='ltr' id='par_1_1' title="bbox 458 258 1054 320">
     <span class='ocr_line' id='line_1_1' title="bbox 458 258 1054 320; baseline 0.007 -4"><span class='ocrx_word' id='word_1_1' title='bbox 458 271 543 316; x_wconf 78' lang='lat' dir='ltr'><strong>arara</strong></span> <span class='ocrx_word' id='word_1_2' title='bbox 563 271 680 318; x_wconf 87' lang='lat' dir='ltr'><strong>ramus.</strong></span> <span class='ocrx_word' id='word_1_3' title='bbox 998 258 1054 320; x_wconf 71' lang='grc'><strong>111</strong></span> 
     </span>
    </p>
   </div>
   <div class='ocr_carea' id='block_1_2' title="bbox 84 363 1069 3720">
    <p class='ocr_par' dir='ltr' id='par_1_2' title="bbox 84 363 1060 717">
     <span class='ocr_line' id='line_1_2' title="bbox 84 363 1058 442; baseline 0.007 -14"><span class='ocrx_word' id='word_1_4' title='bbox 84 365 225 442; x_wconf 74' lang='lat' dir='ltr'><strong>dimersi,</strong></span> <span class='ocrx_word' id='word_1_5' title='bbox 245 363 422 428; x_wconf 81' lang='lat' dir='ltr'><strong>sufficientia</strong></span> <span class='ocrx_word' id='word_1_6' title='bbox 448 366 587 428; x_wconf 81' lang='lat' dir='ltr'><strong>beneficii</strong></span> <span class='ocrx_word' id='word_1_7' title='bbox 614 366 842 432; x_wconf 83' lang='lat' dir='ltr'><strong>determinanda</strong></span> <span class='ocrx_word' id='word_1_8' title='bbox 865 374 968 432; x_wconf 85' lang='lat' dir='ltr'><strong>estex</strong></span> <span class='ocrx_word' id='word_1_9' title='bbox 992 375 1058 436; x_wconf 79' lang='lat' dir='ltr'><strong>tart</strong></span> 
     </span>
     <span class='ocr_line' id='line_1_3' title="bbox 84 454 1056 539; baseline 0.005 -23"><span class='ocrx_word' id='word_1_10' title='bbox 84 454 222 516; x_wconf 82' lang='lat' dir='ltr'><strong>dioecesis</strong></span> <span class='ocrx_word' id='word_1_11' title='bbox 239 454 289 516; x_wconf 92' lang='lat' dir='ltr'><strong>ubi</strong></span> <span class='ocrx_word' id='word_1_12' title='bbox 310 455 398 518; x_wconf 91' lang='lat' dir='ltr'><strong>situm</strong></span> <span class='ocrx_word' id='word_1_13' title='bbox 416 461 461 516; x_wconf 91' lang='lat' dir='ltr'><strong>est</strong></span> <span class='ocrx_word' id='word_1_14' title='bbox 474 454 674 534; x_wconf 85' lang='lat' dir='ltr'><strong>beneficium,</strong></span> <span class='ocrx_word' id='word_1_15' title='bbox 693 456 718 518; x_wconf 92' lang='lat' dir='ltr'><strong>si</strong></span> <span class='ocrx_word' id='word_1_16' title='bbox 731 458 924 520; x_wconf 76' lang='lat' dir='ltr'>residentiam</span> <span class='ocrx_word' id='word_1_17' title='bbox 940 460 1056 539; x_wconf 83' lang='lat' dir='ltr'><strong>exigat:</strong></span> 
     </span>
     <span class='ocr_line' id='line_1_4' title="bbox 85 541 1060 625; baseline 0.005 -21"><span class='ocrx_word' id='word_1_18' title='bbox 85 561 192 619; x_wconf 81' lang='lat' dir='ltr'><strong>secus,</strong></span> <span class='ocrx_word' id='word_1_19' title='bbox 206 544 290 620; x_wconf 87' lang='lat' dir='ltr'><strong>juxta</strong></span> <span class='ocrx_word' id='word_1_20' title='bbox 304 551 404 604; x_wconf 83' lang='lat' dir='ltr'><strong>toxam</strong></span> <span class='ocrx_word' id='word_1_21' title='bbox 418 541 554 606; x_wconf 86' lang='lat' dir='ltr'><strong>dioecesis</strong></span> <span class='ocrx_word' id='word_1_22' title='bbox 575 544 605 605; x_wconf 92' lang='lat' dir='ltr'><strong>in</strong></span> <span class='ocrx_word' id='word_1_23' title='bbox 626 547 687 625; x_wconf 78' lang='lat' dir='ltr'><strong>qut</strong></span> <span class='ocrx_word' id='word_1_24' title='bbox 701 544 856 609; x_wconf 88' lang='lat' dir='ltr'><strong>ordinatus</strong></span> <span class='ocrx_word' id='word_1_25' title='bbox 874 545 1060 609; x_wconf 80' lang='lat' dir='ltr'><strong>domicilium</strong></span> 
     </span>
     <span class='ocr_line' id='line_1_5' title="bbox 86 630 999 717; baseline 0.004 -25"><span class='ocrx_word' id='word_1_26' title='bbox 86 630 186 692; x_wconf 89' lang='lat' dir='ltr'><strong>habet.</strong></span> <span class='ocrx_word' id='word_1_27' title='bbox 202 634 246 692; x_wconf 88' lang='lat' dir='ltr'><strong>lta</strong></span> <span class='ocrx_word' id='word_1_28' title='bbox 260 631 372 693; x_wconf 88' lang='lat' dir='ltr'><strong>Bened.</strong></span> <span class='ocrx_word' id='word_1_29' title='bbox 388 633 454 692; x_wconf 85' lang='lat' dir='ltr'><strong>XIV</strong></span> <span class='ocrx_word' id='word_1_30' title='bbox 467 631 625 713; x_wconf 79' lang='lat' dir='ltr'><strong>(DeSyn.,</strong></span> <span class='ocrx_word' id='word_1_31' title='bbox 637 631 688 694; x_wconf 90' lang='lat' dir='ltr'><strong>tib.</strong></span> <span class='ocrx_word' id='word_1_32' title='bbox 706 637 760 708; x_wconf 80' lang='lat' dir='ltr'><strong>m,</strong></span> <span class='ocrx_word' id='word_1_33' title='bbox 775 651 842 717; x_wconf 86' lang='lat' dir='ltr'><strong>cap.</strong></span> <span class='ocrx_word' id='word_1_34' title='bbox 856 638 896 710; x_wconf 89' lang='lat'><strong>9,</strong></span> <span class='ocrx_word' id='word_1_35' title='bbox 913 651 946 695; x_wconf 85' lang='lat' dir='ltr'><strong>m</strong></span> <span class='ocrx_word' id='word_1_36' title='bbox 958 639 999 710; x_wconf 75' lang='lat'><strong>⁶2).</strong></span> 
     </span>
    </p>

    <p class='ocr_par' dir='ltr' id='par_1_3' title="bbox 87 720 1062 1244">
     <span class='ocr_line' id='line_1_6' title="bbox 127 720 1060 786; baseline 0.006 -6"><span class='ocrx_word' id='word_1_37' title='bbox 127 723 217 782; x_wconf 73' lang='lat'>2003.</span> <span class='ocrx_word' id='word_1_38' title='bbox 241 720 412 782; x_wconf 83' lang='lat' dir='ltr'><strong>Notandum</strong></span> <span class='ocrx_word' id='word_1_39' title='bbox 426 723 469 781; x_wconf 76' lang='lat'><strong>3⁴.</strong></span> <span class='ocrx_word' id='word_1_40' title='bbox 485 721 645 784; x_wconf 87' lang='lat' dir='ltr'><strong>Ordinatus</strong></span> <span class='ocrx_word' id='word_1_41' title='bbox 659 720 695 782; x_wconf 89' lang='lat' dir='ltr'><strong>ad</strong></span> <span class='ocrx_word' id='word_1_42' title='bbox 716 721 836 784; x_wconf 89' lang='lat' dir='ltr'><strong>titulum</strong></span> <span class='ocrx_word' id='word_1_43' title='bbox 854 721 992 784; x_wconf 81' lang='lat' dir='ltr'><strong>beneficii</strong></span> <span class='ocrx_word' id='word_1_44' title='bbox 1008 742 1060 786; x_wconf 86' lang='lat' dir='ltr'><strong>ne·</strong></span> 
     </span>
     <span class='ocr_line' id='line_1_7' title="bbox 88 807 1062 890; baseline 0.005 -22"><span class='ocrx_word' id='word_1_45' title='bbox 88 808 155 888; x_wconf 77' lang='lat' dir='ltr'><strong>quit</strong></span> <span class='ocrx_word' id='word_1_46' title='bbox 169 807 242 870; x_wconf 90' lang='lat' dir='ltr'><strong>iliud</strong></span> <span class='ocrx_word' id='word_1_47' title='bbox 254 809 418 890; x_wconf 88' lang='lat' dir='ltr'><strong>resignare,</strong></span> <span class='ocrx_word' id='word_1_48' title='bbox 434 809 514 870; x_wconf 80' lang='lat' dir='ltr'><strong>anisi</strong></span> <span class='ocrx_word' id='word_1_49' title='bbox 528 809 604 871; x_wconf 70' lang='lat' dir='ltr'><strong>faeta</strong></span> <span class='ocrx_word' id='word_1_50' title='bbox 619 809 771 871; x_wconf 80' lang='lat' dir='ltr'><strong>mentione</strong></span> <span class='ocrx_word' id='word_1_51' title='bbox 781 809 863 890; x_wconf 85' lang='lat' dir='ltr'><strong>qudd</strong></span> <span class='ocrx_word' id='word_1_52' title='bbox 875 810 911 872; x_wconf 92' lang='lat' dir='ltr'><strong>ad</strong></span> <span class='ocrx_word' id='word_1_53' title='bbox 926 810 1062 873; x_wconf 88' lang='lat' dir='ltr'><strong>illiusbe-</strong></span> 
     </span>
     <span class='ocr_line' id='line_1_8' title="bbox 87 895 1062 980; baseline 0.007 -26"><span class='ocrx_word' id='word_1_54' title='bbox 87 917 103 954; x_wconf 75' lang='lat' dir='ltr'><strong>a</strong></span> <span class='ocrx_word' id='word_1_55' title='bbox 130 895 229 958; x_wconf 88' lang='lat' dir='ltr'><strong>netieii</strong></span> <span class='ocrx_word' id='word_1_56' title='bbox 242 896 362 959; x_wconf 83' lang='lat' dir='ltr'><strong>titutum</strong></span> <span class='ocrx_word' id='word_1_57' title='bbox 378 897 415 957; x_wconf 88' lang='lat' dir='ltr'><strong>sit</strong></span> <span class='ocrx_word' id='word_1_58' title='bbox 429 905 604 977; x_wconf 87' lang='lat' dir='ltr'><strong>promotus;</strong></span> <span class='ocrx_word' id='word_1_59' title='bbox 621 915 719 980; x_wconf 89' lang='lat' dir='ltr'><strong>neque</strong></span> <span class='ocrx_word' id='word_1_60' title='bbox 733 915 769 959; x_wconf 90' lang='lat' dir='ltr'><strong>ea</strong></span> <span class='ocrx_word' id='word_1_61' title='bbox 782 900 944 980; x_wconf 77' lang='lat' dir='ltr'><strong>resignatio</strong></span> <span class='ocrx_word' id='word_1_62' title='bbox 957 900 1062 961; x_wconf 89' lang='lat' dir='ltr'><strong>admit-</strong></span> 
     </span>
     <span class='ocr_line' id='line_1_9' title="bbox 88 985 1061 1068; baseline 0.004 -24"><span class='ocrx_word' id='word_1_63' title='bbox 88 1007 105 1044; x_wconf 67' lang='grc' dir='ltr'><strong><em>ω</em></strong></span> <span class='ocrx_word' id='word_1_64' title='bbox 130 991 207 1046; x_wconf 90' lang='lat' dir='ltr'><strong>tatur</strong></span> <span class='ocrx_word' id='word_1_65' title='bbox 218 985 275 1046; x_wconf 90' lang='lat' dir='ltr'><strong>nisi</strong></span> <span class='ocrx_word' id='word_1_66' title='bbox 296 985 424 1048; x_wconf 87' lang='lat' dir='ltr'><strong>eonstito</strong></span> <span class='ocrx_word' id='word_1_67' title='bbox 439 986 522 1066; x_wconf 83' lang='lat' dir='ltr'><strong>qudd</strong></span> <span class='ocrx_word' id='word_1_68' title='bbox 537 987 658 1049; x_wconf 83' lang='lat' dir='ltr'><strong>aliunde</strong></span> <span class='ocrx_word' id='word_1_69' title='bbox 672 987 769 1048; x_wconf 77' lang='lat' dir='ltr'><strong>vivete</strong></span> <span class='ocrx_word' id='word_1_70' title='bbox 783 987 943 1050; x_wconf 75' lang='lat' dir='ltr'><strong>commode</strong></span> <span class='ocrx_word' id='word_1_71' title='bbox 957 989 1061 1068; x_wconf 85' lang='lat' dir='ltr'><strong>possit,</strong></span> 
     </span>
     <span class='ocr_line' id='line_1_10' title="bbox 90 1073 1060 1156; baseline 0.006 -24"><span class='ocrx_word' id='word_1_72' title='bbox 90 1097 106 1132; x_wconf 78' lang='lat' dir='ltr'><strong>a</strong></span> <span class='ocrx_word' id='word_1_73' title='bbox 132 1079 162 1134; x_wconf 89' lang='lat' dir='ltr'><strong>et</strong></span> <span class='ocrx_word' id='word_1_74' title='bbox 187 1073 271 1136; x_wconf 90' lang='lat' dir='ltr'><strong>aliter</strong></span> <span class='ocrx_word' id='word_1_75' title='bbox 293 1073 371 1136; x_wconf 82' lang='lat' dir='ltr'><strong>taeta</strong></span> <span class='ocrx_word' id='word_1_76' title='bbox 397 1075 559 1156; x_wconf 70' lang='lat' dir='ltr'><strong>resignatio</strong></span> <span class='ocrx_word' id='word_1_77' title='bbox 574 1075 655 1138; x_wconf 90' lang='lat' dir='ltr'><strong>nulla</strong></span> <span class='ocrx_word' id='word_1_78' title='bbox 670 1075 717 1136; x_wconf 91' lang='lat' dir='ltr'><strong>sit.</strong></span> <span class='ocrx_word' id='word_1_79' title='bbox 736 1097 751 1134; x_wconf 78' lang='lat' dir='ltr'><strong>a</strong></span> <span class='ocrx_word' id='word_1_80' title='bbox 768 1075 893 1152; x_wconf 82' lang='lat' dir='ltr'><strong>(Concil.</strong></span> <span class='ocrx_word' id='word_1_81' title='bbox 913 1073 1060 1148; x_wconf 84' lang='lat' dir='ltr'><strong>Trident..</strong></span> 
     </span>
     <span class='ocr_line' id='line_1_11' title="bbox 91 1165 373 1244; baseline 0 -20"><span class='ocrx_word' id='word_1_82' title='bbox 91 1179 165 1224; x_wconf 88' lang='lat' dir='ltr'><strong>sess.</strong></span> <span class='ocrx_word' id='word_1_83' title='bbox 181 1165 230 1240; x_wconf 79' lang='lat' dir='ltr'><strong>st,</strong></span> <span class='ocrx_word' id='word_1_84' title='bbox 246 1180 313 1244; x_wconf 88' lang='lat' dir='ltr'><strong>cap.</strong></span> <span class='ocrx_word' id='word_1_85' title='bbox 330 1165 373 1242; x_wconf 73' lang='lat'><strong>2.)</strong></span> 
     </span>
    </p>

    <p class='ocr_par' dir='ltr' id='par_1_4' title="bbox 88 1250 1066 2481">
     <span class='ocr_line' id='line_1_12' title="bbox 134 1250 1064 1342; baseline 0.006 -32"><span class='ocrx_word' id='word_1_86' title='bbox 134 1273 150 1310; x_wconf 83' lang='lat' dir='ltr'><strong>a</strong></span> <span class='ocrx_word' id='word_1_87' title='bbox 170 1251 216 1314; x_wconf 76' lang='lat' dir='ltr'><strong>un</strong></span> <span class='ocrx_word' id='word_1_88' title='bbox 231 1259 305 1333; x_wconf 85' lang='lat' dir='ltr'><strong>peut</strong></span> <span class='ocrx_word' id='word_1_89' title='bbox 316 1269 348 1314; x_wconf 90' lang='lat' dir='ltr'><strong>se</strong></span> <span class='ocrx_word' id='word_1_90' title='bbox 361 1250 508 1314; x_wconf 71' lang='lat' dir='ltr'><strong>ddmettre</strong></span> <span class='ocrx_word' id='word_1_91' title='bbox 518 1252 558 1314; x_wconf 88' lang='lat' dir='ltr'><strong>du</strong></span> <span class='ocrx_word' id='word_1_92' title='bbox 569 1251 638 1314; x_wconf 86' lang='lat' dir='ltr'><strong>titre</strong></span> <span class='ocrx_word' id='word_1_93' title='bbox 651 1253 852 1316; x_wconf 87' lang='lat' dir='ltr'><strong>d’ordination</strong></span> <span class='ocrx_word' id='word_1_94' title='bbox 862 1300 876 1342; x_wconf 41' lang='grc'><strong>,1</strong></span> <span class='ocrx_word' id='word_1_95' title='bbox 884 1253 983 1334; x_wconf 88' lang='lat' dir='ltr'><strong>inquit</strong></span> <span class='ocrx_word' id='word_1_96' title='bbox 996 1273 1064 1316; x_wconf 87' lang='lat' dir='ltr'><strong>aue-</strong></span> 
     </span>
     <span class='ocr_line' id='line_1_13' title="bbox 88 1339 1061 1424; baseline 0.005 -26"><span class='ocrx_word' id='word_1_97' title='bbox 88 1361 104 1398; x_wconf 86' lang='lat' dir='ltr'><strong>n</strong></span> <span class='ocrx_word' id='word_1_98' title='bbox 129 1345 177 1400; x_wconf 89' lang='lat' dir='ltr'><strong>tor</strong></span> <span class='ocrx_word' id='word_1_99' title='bbox 191 1339 325 1401; x_wconf 84' lang='lat' dir='ltr'><strong>Anuleet.</strong></span> <span class='ocrx_word' id='word_1_100' title='bbox 335 1339 403 1420; x_wconf 86' lang='lat' dir='ltr'><strong>jur.</strong></span> <span class='ocrx_word' id='word_1_101' title='bbox 415 1340 528 1422; x_wconf 79' lang='lat' dir='ltr'><strong>pontif.</strong></span> <span class='ocrx_word' id='word_1_102' title='bbox 544 1341 652 1419; x_wconf 81' lang='lat' dir='ltr'><strong>(juillet</strong></span> <span class='ocrx_word' id='word_1_103' title='bbox 666 1345 755 1418; x_wconf 79' lang='grc'>1855,</span> <span class='ocrx_word' id='word_1_104' title='bbox 771 1341 828 1403; x_wconf 83' lang='lat' dir='ltr'><strong>col.</strong></span> <span class='ocrx_word' id='word_1_105' title='bbox 847 1344 985 1416; x_wconf 58' lang='lat' dir='ltr'><strong>msam</strong></span> <span class='ocrx_word' id='word_1_106' title='bbox 1003 1343 1061 1424; x_wconf 84' lang='grc'><strong>11),</strong></span> 
     </span>
     <span class='ocr_line' id='line_1_14' title="bbox 89 1427 1060 1510; baseline 0.005 -22"><span class='ocrx_word' id='word_1_107' title='bbox 89 1451 106 1488; x_wconf 79' lang='lat' dir='ltr'><strong>a</strong></span> <span class='ocrx_word' id='word_1_108' title='bbox 130 1427 252 1509; x_wconf 88' lang='lat' dir='ltr'><strong>lorsque</strong></span> <span class='ocrx_word' id='word_1_109' title='bbox 266 1428 293 1490; x_wconf 92' lang='lat' dir='ltr'><strong>le</strong></span> <span class='ocrx_word' id='word_1_110' title='bbox 307 1427 555 1490; x_wconf 76' lang='lat' dir='ltr'><strong>demissionnaire</strong></span> <span class='ocrx_word' id='word_1_111' title='bbox 564 1447 581 1492; x_wconf 90' lang='lat' dir='ltr'><strong>a</strong></span> <span class='ocrx_word' id='word_1_112' title='bbox 591 1429 721 1492; x_wconf 87' lang='lat' dir='ltr'><strong>d&#39;autres</strong></span> <span class='ocrx_word' id='word_1_113' title='bbox 731 1447 856 1510; x_wconf 80' lang='lat' dir='ltr'><strong>moyens</strong></span> <span class='ocrx_word' id='word_1_114' title='bbox 867 1429 1060 1507; x_wconf 85' lang='lat' dir='ltr'><strong>d&#39;existenee;</strong></span> 
     </span>
     <span class='ocr_line' id='line_1_15' title="bbox 88 1516 1064 1599; baseline 0.006 -24"><span class='ocrx_word' id='word_1_115' title='bbox 88 1539 105 1575; x_wconf 76' lang='lat' dir='ltr'><strong>n</strong></span> <span class='ocrx_word' id='word_1_116' title='bbox 130 1518 208 1578; x_wconf 88' lang='lat' dir='ltr'><strong>mais</strong></span> <span class='ocrx_word' id='word_1_117' title='bbox 226 1516 246 1577; x_wconf 88' lang='lat' dir='ltr'><strong>ii</strong></span> <span class='ocrx_word' id='word_1_118' title='bbox 267 1517 331 1578; x_wconf 84' lang='lat' dir='ltr'><strong>taut</strong></span> <span class='ocrx_word' id='word_1_119' title='bbox 351 1518 503 1599; x_wconf 73' lang='lat' dir='ltr'><strong>exprimet</strong></span> <span class='ocrx_word' id='word_1_120' title='bbox 522 1517 586 1580; x_wconf 84' lang='lat' dir='ltr'><strong>ceta</strong></span> <span class='ocrx_word' id='word_1_121' title='bbox 603 1519 678 1580; x_wconf 90' lang='lat' dir='ltr'><strong>dans</strong></span> <span class='ocrx_word' id='word_1_122' title='bbox 697 1518 724 1580; x_wconf 90' lang='lat' dir='ltr'><strong>la</strong></span> <span class='ocrx_word' id='word_1_123' title='bbox 743 1518 976 1599; x_wconf 78' lang='lat' dir='ltr'><strong>resignation...</strong></span> <span class='ocrx_word' id='word_1_124' title='bbox 994 1537 1064 1582; x_wconf 92' lang='lat' dir='ltr'><strong>sous</strong></span> 
     </span>
     <span class='ocr_line' id='line_1_16' title="bbox 88 1605 1064 1688; baseline 0.005 -24"><span class='ocrx_word' id='word_1_125' title='bbox 88 1629 106 1664; x_wconf 81' lang='lat' dir='ltr'><strong>a</strong></span> <span class='ocrx_word' id='word_1_126' title='bbox 130 1607 221 1687; x_wconf 85' lang='lat' dir='ltr'><strong>peine</strong></span> <span class='ocrx_word' id='word_1_127' title='bbox 235 1605 273 1666; x_wconf 91' lang='lat' dir='ltr'><strong>de</strong></span> <span class='ocrx_word' id='word_1_128' title='bbox 289 1605 411 1681; x_wconf 80' lang='lat' dir='ltr'><strong>nullitd3</strong></span> <span class='ocrx_word' id='word_1_129' title='bbox 427 1605 446 1666; x_wconf 88' lang='lat' dir='ltr'><strong>ii</strong></span> <span class='ocrx_word' id='word_1_130' title='bbox 461 1605 525 1668; x_wconf 82' lang='lat' dir='ltr'><strong>saut</strong></span> <span class='ocrx_word' id='word_1_131' title='bbox 535 1605 599 1668; x_wconf 86' lang='lat' dir='ltr'><strong>dire</strong></span> <span class='ocrx_word' id='word_1_132' title='bbox 613 1607 692 1668; x_wconf 88' lang='lat' dir='ltr'><strong>aussi</strong></span> <span class='ocrx_word' id='word_1_133' title='bbox 708 1625 767 1687; x_wconf 88' lang='lat' dir='ltr'><strong>que</strong></span> <span class='ocrx_word' id='word_1_134' title='bbox 781 1605 808 1666; x_wconf 91' lang='lat' dir='ltr'><strong>le</strong></span> <span class='ocrx_word' id='word_1_135' title='bbox 823 1605 958 1668; x_wconf 82' lang='lat' dir='ltr'><strong>be&#39;ne&#39;free</strong></span> <span class='ocrx_word' id='word_1_136' title='bbox 972 1609 1064 1688; x_wconf 89' lang='lat' dir='ltr'><strong>qu&#39;on</strong></span> 
     </span>
     <span class='ocr_line' id='line_1_17' title="bbox 88 1693 1065 1775; baseline 0.002 -21"><span class='ocrx_word' id='word_1_137' title='bbox 88 1717 106 1754; x_wconf 77' lang='lat' dir='ltr'><strong>a</strong></span> <span class='ocrx_word' id='word_1_138' title='bbox 131 1693 1065 1775; x_wconf 74' lang='lat' dir='ltr'><strong>resigneestletitred&#39;ordination.LeConcitede&#39;l&#39;renteexige</strong></span> 
     </span>
     <span class='ocr_line' id='line_1_18' title="bbox 89 1781 1066 1861; baseline 0 -18"><span class='ocrx_word' id='word_1_139' title='bbox 89 1805 107 1843; x_wconf 83' lang='lat' dir='ltr'><strong>a</strong></span> <span class='ocrx_word' id='word_1_140' title='bbox 131 1801 182 1846; x_wconf 89' lang='lat' dir='ltr'><strong>ces</strong></span> <span class='ocrx_word' id='word_1_141' title='bbox 201 1782 281 1845; x_wconf 85' lang='lat' dir='ltr'><strong>deux</strong></span> <span class='ocrx_word' id='word_1_142' title='bbox 295 1782 480 1858; x_wconf 88' lang='lat' dir='ltr'><strong>conditions,</strong></span> <span class='ocrx_word' id='word_1_143' title='bbox 496 1801 566 1845; x_wconf 90' lang='lat' dir='ltr'><strong>sous</strong></span> <span class='ocrx_word' id='word_1_144' title='bbox 580 1785 669 1861; x_wconf 85' lang='lat' dir='ltr'><strong>peine</strong></span> <span class='ocrx_word' id='word_1_145' title='bbox 686 1781 724 1844; x_wconf 90' lang='lat' dir='ltr'><strong>de</strong></span> <span class='ocrx_word' id='word_1_146' title='bbox 739 1781 881 1843; x_wconf 73' lang='lat' dir='ltr'><strong>nuilite...</strong></span> <span class='ocrx_word' id='word_1_147' title='bbox 897 1803 912 1840; x_wconf 81' lang='lat' dir='ltr'><strong>a</strong></span> <span class='ocrx_word' id='word_1_148' title='bbox 932 1815 967 1828; x_wconf 96' lang='lat'><em>-</em></span> <span class='ocrx_word' id='word_1_149' title='bbox 987 1805 1001 1842; x_wconf 82' lang='lat' dir='ltr'><strong>a</strong></span> <span class='ocrx_word' id='word_1_150' title='bbox 1015 1785 1066 1844; x_wconf 89' lang='lat' dir='ltr'><strong>Or-</strong></span> 
     </span>
     <span class='ocr_line' id='line_1_19' title="bbox 89 1869 1065 1953; baseline 0.002 -21"><span class='ocrx_word' id='word_1_151' title='bbox 89 1895 108 1932; x_wconf 80' lang='lat' dir='ltr'><strong>a</strong></span> <span class='ocrx_word' id='word_1_152' title='bbox 132 1871 324 1952; x_wconf 86' lang='lat' dir='ltr'><strong>dinariusqui</strong></span> <span class='ocrx_word' id='word_1_153' title='bbox 339 1870 460 1933; x_wconf 90' lang='lat' dir='ltr'><strong>admisit</strong></span> <span class='ocrx_word' id='word_1_154' title='bbox 471 1873 705 1952; x_wconf 84' lang='lat' dir='ltr'><strong>resignationem</strong></span> <span class='ocrx_word' id='word_1_155' title='bbox 715 1869 977 1951; x_wconf 81' lang='lat' dir='ltr'><strong>iaetamabaliquo</strong></span> <span class='ocrx_word' id='word_1_156' title='bbox 986 1891 1065 1953; x_wconf 87' lang='lat' dir='ltr'><strong>pres-</strong></span> 
     </span>
     <span class='ocr_line' id='line_1_20' title="bbox 88 1958 1063 2042; baseline 0.001 -21"><span class='ocrx_word' id='word_1_157' title='bbox 88 1984 108 2021; x_wconf 79' lang='lat' dir='ltr'><strong>n</strong></span> <span class='ocrx_word' id='word_1_158' title='bbox 134 1960 249 2040; x_wconf 81' lang='lat' dir='ltr'><strong>hytero,</strong></span> <span class='ocrx_word' id='word_1_159' title='bbox 266 1960 318 2042; x_wconf 88' lang='lat' dir='ltr'><strong>qui</strong></span> <span class='ocrx_word' id='word_1_160' title='bbox 333 1959 407 2022; x_wconf 90' lang='lat' dir='ltr'><strong>nihil</strong></span> <span class='ocrx_word' id='word_1_161' title='bbox 424 1959 505 2023; x_wconf 88' lang='lat' dir='ltr'><strong>atiud</strong></span> <span class='ocrx_word' id='word_1_162' title='bbox 520 1967 627 2042; x_wconf 88' lang='lat' dir='ltr'><strong>praeter</strong></span> <span class='ocrx_word' id='word_1_163' title='bbox 641 1959 715 2022; x_wconf 90' lang='lat' dir='ltr'><strong>iilud</strong></span> <span class='ocrx_word' id='word_1_164' title='bbox 728 1959 909 2020; x_wconf 81' lang='lat' dir='ltr'><strong>beneficium</strong></span> <span class='ocrx_word' id='word_1_165' title='bbox 924 1958 1063 2038; x_wconf 91' lang='lat' dir='ltr'><strong>habebat,</strong></span> 
     </span>
     <span class='ocr_line' id='line_1_21' title="bbox 89 2049 1061 2130; baseline 0 -22"><span class='ocrx_word' id='word_1_166' title='bbox 89 2073 108 2108; x_wconf 77' lang='lat' dir='ltr'><strong>a</strong></span> <span class='ocrx_word' id='word_1_167' title='bbox 133 2049 216 2112; x_wconf 90' lang='lat' dir='ltr'><strong>unde</strong></span> <span class='ocrx_word' id='word_1_168' title='bbox 229 2049 388 2112; x_wconf 76' lang='lat' dir='ltr'><strong>commode</strong></span> <span class='ocrx_word' id='word_1_169' title='bbox 409 2051 568 2110; x_wconf 87' lang='lat' dir='ltr'><strong>sustentari</strong></span> <span class='ocrx_word' id='word_1_170' title='bbox 585 2049 696 2130; x_wconf 90' lang='lat' dir='ltr'><strong>possit,</strong></span> <span class='ocrx_word' id='word_1_171' title='bbox 714 2054 834 2110; x_wconf 86' lang='lat' dir='ltr'><strong>tenetur</strong></span> <span class='ocrx_word' id='word_1_172' title='bbox 852 2065 921 2108; x_wconf 92' lang='lat' dir='ltr'><strong>eum</strong></span> <span class='ocrx_word' id='word_1_173' title='bbox 941 2049 1061 2111; x_wconf 78' lang='lat' dir='ltr'><strong>alere.»</strong></span> 
     </span>
     <span class='ocr_line' id='line_1_22' title="bbox 90 2135 1066 2219; baseline -0.003 -17"><span class='ocrx_word' id='word_1_174' title='bbox 90 2141 126 2202; x_wconf 92' lang='lat' dir='ltr'><strong>S.</strong></span> <span class='ocrx_word' id='word_1_175' title='bbox 139 2140 173 2200; x_wconf 81' lang='lat' dir='ltr'><strong>C.</strong></span> <span class='ocrx_word' id='word_1_176' title='bbox 187 2139 278 2202; x_wconf 85' lang='lat' dir='ltr'><strong>Cone.</strong></span> <span class='ocrx_word' id='word_1_177' title='bbox 295 2137 448 2219; x_wconf 74' lang='lat' dir='ltr'><strong>(Viderit,</strong></span> <span class='ocrx_word' id='word_1_178' title='bbox 463 2137 521 2200; x_wconf 84' lang='lat' dir='ltr'><strong>eoi.</strong></span> <span class='ocrx_word' id='word_1_179' title='bbox 536 2139 641 2217; x_wconf 77' lang='grc'>1517).</span> <span class='ocrx_word' id='word_1_180' title='bbox 658 2171 695 2184; x_wconf 91' lang='grc'><strong>-</strong></span> <span class='ocrx_word' id='word_1_181' title='bbox 707 2138 792 2198; x_wconf 85' lang='lat' dir='ltr'><strong>Circa</strong></span> <span class='ocrx_word' id='word_1_182' title='bbox 801 2135 1010 2198; x_wconf 82' lang='lat' dir='ltr'><strong>sufficientiam</strong></span> <span class='ocrx_word' id='word_1_183' title='bbox 1017 2137 1066 2200; x_wconf 84' lang='lat' dir='ltr'><strong>be-</strong></span> 
     </span>
     <span class='ocr_line' id='line_1_23' title="bbox 92 2224 1066 2308; baseline -0.001 -20"><span class='ocrx_word' id='word_1_184' title='bbox 92 2227 217 2304; x_wconf 84' lang='lat' dir='ltr'><strong>nefioii,</strong></span> <span class='ocrx_word' id='word_1_185' title='bbox 232 2225 298 2289; x_wconf 83' lang='lat' dir='ltr'><strong>vide</strong></span> <span class='ocrx_word' id='word_1_186' title='bbox 310 2229 341 2289; x_wconf 91' lang='lat' dir='ltr'><strong>S.</strong></span> <span class='ocrx_word' id='word_1_187' title='bbox 357 2227 478 2308; x_wconf 89' lang='lat' dir='ltr'><strong>Liguor.</strong></span> <span class='ocrx_word' id='word_1_188' title='bbox 495 2225 554 2305; x_wconf 82' lang='lat' dir='ltr'><strong>(tib.</strong></span> <span class='ocrx_word' id='word_1_189' title='bbox 572 2229 609 2302; x_wconf 85' lang='lat'><strong>6,</strong></span> <span class='ocrx_word' id='word_1_190' title='bbox 625 2235 659 2286; x_wconf 85' lang='lat' dir='ltr'><strong>n⁰</strong></span> <span class='ocrx_word' id='word_1_191' title='bbox 674 2229 752 2301; x_wconf 78' lang='grc'><strong>815,</strong></span> <span class='ocrx_word' id='word_1_192' title='bbox 770 2224 842 2286; x_wconf 88' lang='lat' dir='ltr'><strong>Not.</strong></span> <span class='ocrx_word' id='word_1_193' title='bbox 860 2229 901 2300; x_wconf 86' lang='lat' dir='ltr'><strong>t·‚</strong></span> <span class='ocrx_word' id='word_1_194' title='bbox 917 2226 1066 2308; x_wconf 89' lang='lat' dir='ltr'><strong>usquead</strong></span> 
     </span>
     <span class='ocr_line' id='line_1_24' title="bbox 91 2313 1065 2394; baseline 0 -18"><span class='ocrx_word' id='word_1_195' title='bbox 91 2315 190 2378; x_wconf 84' lang='lat' dir='ltr'><strong>smem</strong></span> <span class='ocrx_word' id='word_1_196' title='bbox 219 2317 369 2393; x_wconf 90' lang='lat' dir='ltr'><strong>numeri).</strong></span> <span class='ocrx_word' id='word_1_197' title='bbox 387 2351 424 2362; x_wconf 92' lang='lat'><em>-</em></span> <span class='ocrx_word' id='word_1_198' title='bbox 439 2317 482 2376; x_wconf 79' lang='lat' dir='ltr'><strong>iie</strong></span> <span class='ocrx_word' id='word_1_199' title='bbox 505 2313 680 2377; x_wconf 78' lang='lat' dir='ltr'><strong>sufficientia</strong></span> <span class='ocrx_word' id='word_1_200' title='bbox 697 2313 767 2376; x_wconf 84' lang='lat' dir='ltr'><strong>verd</strong></span> <span class='ocrx_word' id='word_1_201' title='bbox 786 2313 977 2394; x_wconf 89' lang='lat' dir='ltr'><strong>patrimonii,</strong></span> <span class='ocrx_word' id='word_1_202' title='bbox 999 2313 1065 2376; x_wconf 83' lang='lat' dir='ltr'><strong>ride</strong></span> 
     </span>
     <span class='ocr_line' id='line_1_25' title="bbox 91 2403 458 2481; baseline -0.011 -13"><span class='ocrx_word' id='word_1_203' title='bbox 91 2403 237 2468; x_wconf 87' lang='lat' dir='ltr'><strong>eumdem</strong></span> <span class='ocrx_word' id='word_1_204' title='bbox 250 2403 316 2481; x_wconf 75' lang='lat' dir='ltr'><strong>(ila,</strong></span> <span class='ocrx_word' id='word_1_205' title='bbox 331 2415 365 2464; x_wconf 87' lang='lat' dir='ltr'><strong>n⁰</strong></span> <span class='ocrx_word' id='word_1_206' title='bbox 379 2405 458 2480; x_wconf 81' lang='grc'>817).</span> 
     </span>
    </p>

    <p class='ocr_par' dir='ltr' id='par_1_5' title="bbox 92 2489 1068 3270">
     <span class='ocr_line' id='line_1_26' title="bbox 133 2489 1067 2572; baseline -0.005 -17"><span class='ocrx_word' id='word_1_207' title='bbox 133 2496 225 2555; x_wconf 71' lang='grc'>2001.</span> <span class='ocrx_word' id='word_1_208' title='bbox 247 2491 350 2564; x_wconf 81' lang='lat' dir='ltr'><strong>Quoad</strong></span> <span class='ocrx_word' id='word_1_209' title='bbox 363 2491 481 2554; x_wconf 87' lang='lat' dir='ltr'><strong>titutum</strong></span> <span class='ocrx_word' id='word_1_210' title='bbox 492 2490 669 2571; x_wconf 81' lang='lat' dir='ltr'><strong>patrimonii</strong></span> <span class='ocrx_word' id='word_1_211' title='bbox 681 2491 726 2552; x_wconf 89' lang='lat' dir='ltr'><strong>vel</strong></span> <span class='ocrx_word' id='word_1_212' title='bbox 738 2490 895 2572; x_wconf 69' lang='lat' dir='ltr'><strong>potationis,</strong></span> <span class='ocrx_word' id='word_1_213' title='bbox 910 2489 1067 2552; x_wconf 85' lang='lat' dir='ltr'><strong>observan-</strong></span> 
     </span>
     <span class='ocr_line' id='line_1_27' title="bbox 92 2577 1066 2662; baseline -0.004 -18"><span class='ocrx_word' id='word_1_214' title='bbox 92 2582 170 2644; x_wconf 91' lang='lat' dir='ltr'><strong>dum</strong></span> <span class='ocrx_word' id='word_1_215' title='bbox 184 2587 228 2644; x_wconf 88' lang='lat' dir='ltr'><strong>est</strong></span> <span class='ocrx_word' id='word_1_216' title='bbox 243 2585 275 2642; x_wconf 68' lang='grc' dir='ltr'><strong>1ο</strong></span> <span class='ocrx_word' id='word_1_217' title='bbox 296 2579 377 2662; x_wconf 79' lang='lat' dir='ltr'><strong>quod</strong></span> <span class='ocrx_word' id='word_1_218' title='bbox 401 2579 445 2642; x_wconf 89' lang='lat' dir='ltr'><strong>sio</strong></span> <span class='ocrx_word' id='word_1_219' title='bbox 468 2579 599 2640; x_wconf 84' lang='lat' dir='ltr'><strong>ordinari</strong></span> <span class='ocrx_word' id='word_1_220' title='bbox 624 2585 797 2659; x_wconf 87' lang='lat' dir='ltr'><strong>nequeunt,</strong></span> <span class='ocrx_word' id='word_1_221' title='bbox 818 2599 834 2636; x_wconf 77' lang='lat' dir='ltr'><strong>a</strong></span> <span class='ocrx_word' id='word_1_222' title='bbox 852 2577 909 2638; x_wconf 91' lang='lat' dir='ltr'><strong>nisi</strong></span> <span class='ocrx_word' id='word_1_223' title='bbox 929 2577 970 2637; x_wconf 89' lang='lat' dir='ltr'><strong>iili</strong></span> <span class='ocrx_word' id='word_1_224' title='bbox 990 2597 1066 2658; x_wconf 86' lang='lat' dir='ltr'><strong>quos</strong></span> 
     </span>
     <span class='ocr_line' id='line_1_28' title="bbox 93 2665 1068 2752; baseline -0.006 -20"><span class='ocrx_word' id='word_1_225' title='bbox 93 2693 110 2732; x_wconf 78' lang='lat' dir='ltr'><strong>a</strong></span> <span class='ocrx_word' id='word_1_226' title='bbox 136 2671 304 2752; x_wconf 79' lang='lat' dir='ltr'><strong>Episcopus</strong></span> <span class='ocrx_word' id='word_1_227' title='bbox 312 2665 691 2747; x_wconf 85' lang='lat' dir='ltr'><strong>judicaveritassumendos</strong></span> <span class='ocrx_word' id='word_1_228' title='bbox 700 2685 755 2748; x_wconf 94' lang='lat' dir='ltr'><strong>pro</strong></span> <span class='ocrx_word' id='word_1_229' title='bbox 765 2666 931 2727; x_wconf 82' lang='lat' dir='ltr'><strong>necessitate</strong></span> <span class='ocrx_word' id='word_1_230' title='bbox 940 2665 986 2726; x_wconf 89' lang='lat' dir='ltr'><strong>vel</strong></span> <span class='ocrx_word' id='word_1_231' title='bbox 996 2683 1068 2726; x_wconf 37' lang='lat' dir='ltr'><strong>eom-t</strong></span> 
     </span>
     <span class='ocr_line' id='line_1_29' title="bbox 98 2753 1066 2836; baseline -0.005 -17"><span class='ocrx_word' id='word_1_232' title='bbox 98 2783 111 2820; x_wconf 74' lang='lat' dir='ltr'><strong>a</strong></span> <span class='ocrx_word' id='word_1_233' title='bbox 135 2758 276 2820; x_wconf 83' lang='lat' dir='ltr'><strong>moditate</strong></span> <span class='ocrx_word' id='word_1_234' title='bbox 289 2757 489 2819; x_wconf 86' lang='lat' dir='ltr'><strong>Euelesiarum</strong></span> <span class='ocrx_word' id='word_1_235' title='bbox 507 2773 650 2831; x_wconf 82' lang='lat' dir='ltr'><strong>suarum3</strong></span> <span class='ocrx_word' id='word_1_236' title='bbox 672 2773 710 2817; x_wconf 91' lang='lat' dir='ltr'><strong>eo</strong></span> <span class='ocrx_word' id='word_1_237' title='bbox 736 2771 857 2836; x_wconf 87' lang='lat' dir='ltr'><strong>quoque</strong></span> <span class='ocrx_word' id='word_1_238' title='bbox 877 2753 961 2834; x_wconf 83' lang='lat' dir='ltr'><strong>pritrs</strong></span> <span class='ocrx_word' id='word_1_239' title='bbox 984 2771 1066 2834; x_wconf 88' lang='lat' dir='ltr'><strong>pers-</strong></span> 
     </span>
     <span class='ocr_line' id='line_1_30' title="bbox 97 2840 1067 2928; baseline -0.005 -20"><span class='ocrx_word' id='word_1_240' title='bbox 97 2871 112 2908; x_wconf 77' lang='lat' dir='ltr'><strong>e</strong></span> <span class='ocrx_word' id='word_1_241' title='bbox 136 2854 242 2928; x_wconf 83' lang='lat' dir='ltr'><strong>pecto,</strong></span> <span class='ocrx_word' id='word_1_242' title='bbox 257 2846 471 2928; x_wconf 71' lang='lat' dir='ltr'><strong>patrimonium</strong></span> <span class='ocrx_word' id='word_1_243' title='bbox 485 2843 558 2906; x_wconf 87' lang='lat' dir='ltr'><strong>iliud</strong></span> <span class='ocrx_word' id='word_1_244' title='bbox 572 2844 617 2906; x_wconf 87' lang='lat' dir='ltr'><strong>vel</strong></span> <span class='ocrx_word' id='word_1_245' title='bbox 631 2844 809 2925; x_wconf 91' lang='lat' dir='ltr'><strong>pensionem</strong></span> <span class='ocrx_word' id='word_1_246' title='bbox 822 2843 891 2904; x_wconf 70' lang='lat' dir='ltr'><strong>vere</strong></span> <span class='ocrx_word' id='word_1_247' title='bbox 905 2840 943 2904; x_wconf 89' lang='lat' dir='ltr'><strong>ab</strong></span> <span class='ocrx_word' id='word_1_248' title='bbox 961 2841 997 2904; x_wconf 90' lang='lat' dir='ltr'><strong>iis</strong></span> <span class='ocrx_word' id='word_1_249' title='bbox 1013 2842 1067 2904; x_wconf 91' lang='lat' dir='ltr'><strong>ob-</strong></span> 
     </span>
     <span class='ocr_line' id='line_1_31' title="bbox 96 2931 1067 3014; baseline -0.005 -17"><span class='ocrx_word' id='word_1_250' title='bbox 96 2961 112 2985; x_wconf 81' lang='lat'><strong>..</strong></span> <span class='ocrx_word' id='word_1_251' title='bbox 137 2934 244 3009; x_wconf 89' lang='lat' dir='ltr'><strong>tineri,</strong></span> <span class='ocrx_word' id='word_1_252' title='bbox 268 2933 398 3014; x_wconf 85' lang='lat' dir='ltr'><strong>taliaque</strong></span> <span class='ocrx_word' id='word_1_253' title='bbox 424 2951 489 2994; x_wconf 86' lang='lat' dir='ltr'><strong>esse</strong></span> <span class='ocrx_word' id='word_1_254' title='bbox 507 2951 579 3014; x_wconf 81' lang='lat' dir='ltr'><strong>quae</strong></span> <span class='ocrx_word' id='word_1_255' title='bbox 605 2933 648 2994; x_wconf 93' lang='lat' dir='ltr'><strong>eis</strong></span> <span class='ocrx_word' id='word_1_256' title='bbox 669 2931 818 2994; x_wconf 90' lang='lat' dir='ltr'><strong>advitam</strong></span> <span class='ocrx_word' id='word_1_257' title='bbox 841 2931 1067 2993; x_wconf 84' lang='lat' dir='ltr'><strong>sustentandam</strong></span> 
     </span>
     <span class='ocr_line' id='line_1_32' title="bbox 94 3020 1067 3102; baseline -0.002 -18"><span class='ocrx_word' id='word_1_258' title='bbox 94 3045 113 3084; x_wconf 74' lang='lat' dir='ltr'><strong>a</strong></span> <span class='ocrx_word' id='word_1_259' title='bbox 138 3025 210 3085; x_wconf 88' lang='lat' dir='ltr'><strong>satis</strong></span> <span class='ocrx_word' id='word_1_260' title='bbox 223 3023 293 3086; x_wconf 85' lang='lat' dir='ltr'><strong>sint.</strong></span> <span class='ocrx_word' id='word_1_261' title='bbox 309 3045 324 3082; x_wconf 82' lang='lat' dir='ltr'><strong>a</strong></span> <span class='ocrx_word' id='word_1_262' title='bbox 338 3023 440 3098; x_wconf 68' lang='lat' dir='ltr'><strong>(cone.</strong></span> <span class='ocrx_word' id='word_1_263' title='bbox 456 3020 633 3097; x_wconf 85' lang='lat' dir='ltr'><strong>Trid.,sess.</strong></span> <span class='ocrx_word' id='word_1_264' title='bbox 651 3024 687 3082; x_wconf 78' lang='lat' dir='ltr'><strong>at</strong></span> <span class='ocrx_word' id='word_1_265' title='bbox 699 3039 783 3102; x_wconf 82' lang='lat' dir='ltr'><strong>,cap</strong></span> <span class='ocrx_word' id='word_1_266' title='bbox 794 3023 880 3098; x_wconf 66' lang='grc'><strong>1)-</strong></span> <span class='ocrx_word' id='word_1_267' title='bbox 891 3022 957 3081; x_wconf 91' lang='lat' dir='ltr'><strong>Non</strong></span> <span class='ocrx_word' id='word_1_268' title='bbox 973 3027 1067 3102; x_wconf 89' lang='lat' dir='ltr'><strong>potest</strong></span> 
     </span>
     <span class='ocr_line' id='line_1_33' title="bbox 95 3107 1064 3194; baseline -0.003 -21"><span class='ocrx_word' id='word_1_269' title='bbox 95 3113 167 3194; x_wconf 90' lang='lat' dir='ltr'><strong>quis</strong></span> <span class='ocrx_word' id='word_1_270' title='bbox 181 3109 312 3172; x_wconf 89' lang='lat' dir='ltr'><strong>ordinari</strong></span> <span class='ocrx_word' id='word_1_271' title='bbox 320 3108 358 3171; x_wconf 91' lang='lat' dir='ltr'><strong>ad</strong></span> <span class='ocrx_word' id='word_1_272' title='bbox 367 3109 486 3172; x_wconf 87' lang='lat' dir='ltr'><strong>titutum</strong></span> <span class='ocrx_word' id='word_1_273' title='bbox 497 3109 625 3191; x_wconf 86' lang='lat' dir='ltr'><strong>propriae</strong></span> <span class='ocrx_word' id='word_1_274' title='bbox 639 3107 802 3172; x_wconf 72' lang='lat' dir='ltr'><strong>industriae.</strong></span> <span class='ocrx_word' id='word_1_275' title='bbox 815 3107 889 3170; x_wconf 89' lang='lat' dir='ltr'><strong>Vide</strong></span> <span class='ocrx_word' id='word_1_276' title='bbox 899 3109 930 3171; x_wconf 89' lang='lat' dir='ltr'><strong>S.</strong></span> <span class='ocrx_word' id='word_1_277' title='bbox 943 3109 1064 3191; x_wconf 82' lang='lat' dir='ltr'><strong>Liguoa.</strong></span> 
     </span>
     <span class='ocr_line' id='line_1_34' title="bbox 110 3200 358 3270; baseline -0.012 -9"><span class='ocrx_word' id='word_1_278' title='bbox 110 3200 164 3261; x_wconf 86' lang='lat' dir='ltr'><strong>tib.</strong></span> <span class='ocrx_word' id='word_1_279' title='bbox 176 3204 215 3270; x_wconf 84' lang='grc'><strong>6,</strong></span> <span class='ocrx_word' id='word_1_280' title='bbox 230 3218 263 3260; x_wconf 83' lang='lat' dir='ltr'><strong>n·</strong></span> <span class='ocrx_word' id='word_1_281' title='bbox 276 3202 358 3269; x_wconf 83' lang='grc'>818).</span> 
     </span>
    </p>

    <p class='ocr_par' dir='ltr' id='par_1_6' title="bbox 94 3207 1069 3720">
     <span class='ocr_line' id='line_1_35' title="bbox 97 3207 1067 3366; baseline -0.001 -17"><span class='ocrx_word' id='word_1_282' title='bbox 97 3207 108 3281; x_wconf 67' lang='grc'><strong>(</strong></span> <span class='ocrx_word' id='word_1_283' title='bbox 137 3291 228 3350; x_wconf 75' lang='lat'>2005.</span> <span class='ocrx_word' id='word_1_284' title='bbox 251 3283 435 3348; x_wconf 86' lang='lat' dir='ltr'><strong>Observand.</strong></span> <span class='ocrx_word' id='word_1_285' title='bbox 455 3287 486 3348; x_wconf 76' lang='lat'><strong>2·</strong></span> <span class='ocrx_word' id='word_1_286' title='bbox 501 3285 718 3347; x_wconf 86' lang='lat' dir='ltr'><strong>Patrimonium</strong></span> <span class='ocrx_word' id='word_1_287' title='bbox 728 3285 802 3348; x_wconf 89' lang='lat' dir='ltr'><strong>illud</strong></span> <span class='ocrx_word' id='word_1_288' title='bbox 811 3285 856 3348; x_wconf 85' lang='lat' dir='ltr'><strong>vei</strong></span> <span class='ocrx_word' id='word_1_289' title='bbox 871 3284 987 3366; x_wconf 86' lang='lat' dir='ltr'><strong>pensio,</strong></span> <span class='ocrx_word' id='word_1_290' title='bbox 1003 3283 1067 3348; x_wconf 73' lang='lat' dir='ltr'><strong>sind</strong></span> 
     </span>
     <span class='ocr_line' id='line_1_36' title="bbox 94 3372 1066 3456; baseline -0.003 -18"><span class='ocrx_word' id='word_1_291' title='bbox 94 3375 218 3438; x_wconf 78' lang='lat' dir='ltr'><strong>lieentia</strong></span> <span class='ocrx_word' id='word_1_292' title='bbox 228 3375 383 3456; x_wconf 81' lang='lat' dir='ltr'><strong>Episcopi,</strong></span> <span class='ocrx_word' id='word_1_293' title='bbox 397 3373 520 3435; x_wconf 87' lang='lat' dir='ltr'><strong>alienari</strong></span> <span class='ocrx_word' id='word_1_294' title='bbox 533 3382 585 3436; x_wconf 88' lang='lat' dir='ltr'><strong>ant</strong></span> <span class='ocrx_word' id='word_1_295' title='bbox 597 3373 746 3454; x_wconf 85' lang='lat' dir='ltr'><strong>extingui,</strong></span> <span class='ocrx_word' id='word_1_296' title='bbox 756 3374 802 3436; x_wconf 86' lang='lat' dir='ltr'><strong>vet</strong></span> <span class='ocrx_word' id='word_1_297' title='bbox 816 3373 926 3436; x_wconf 88' lang='lat' dir='ltr'><strong>remitti</strong></span> <span class='ocrx_word' id='word_1_298' title='bbox 942 3372 1066 3435; x_wconf 85' lang='lat' dir='ltr'><strong>nullata-</strong></span> 
     </span>
     <span class='ocr_line' id='line_1_37' title="bbox 95 3461 1069 3545; baseline -0.004 -18"><span class='ocrx_word' id='word_1_299' title='bbox 95 3483 158 3527; x_wconf 88' lang='lat' dir='ltr'><strong>nus</strong></span> <span class='ocrx_word' id='word_1_300' title='bbox 172 3469 269 3545; x_wconf 90' lang='lat' dir='ltr'><strong>potest</strong></span> <span class='ocrx_word' id='word_1_301' title='bbox 280 3511 288 3537; x_wconf 88' lang='lat'><strong>,</strong></span> <span class='ocrx_word' id='word_1_302' title='bbox 298 3463 414 3526; x_wconf 88' lang='lat' dir='ltr'><strong>etiamsi</strong></span> <span class='ocrx_word' id='word_1_303' title='bbox 425 3461 604 3524; x_wconf 82' lang='lat' dir='ltr'><strong>beneficium</strong></span> <span class='ocrx_word' id='word_1_304' title='bbox 618 3461 768 3524; x_wconf 88' lang='lat' dir='ltr'><strong>suflieiens</strong></span> <span class='ocrx_word' id='word_1_305' title='bbox 782 3469 884 3544; x_wconf 86' lang='lat' dir='ltr'><strong>postea</strong></span> <span class='ocrx_word' id='word_1_306' title='bbox 897 3463 940 3523; x_wconf 89' lang='lat' dir='ltr'><strong>sie</strong></span> <span class='ocrx_word' id='word_1_307' title='bbox 953 3461 1069 3523; x_wconf 85' lang='lat' dir='ltr'><strong>ordim-</strong></span> 
     </span>
     <span class='ocr_line' id='line_1_38' title="bbox 95 3548 1069 3630; baseline -0.006 -16"><span class='ocrx_word' id='word_1_308' title='bbox 95 3560 148 3614; x_wconf 87' lang='lat' dir='ltr'><strong>tns</strong></span> <span class='ocrx_word' id='word_1_309' title='bbox 160 3551 337 3626; x_wconf 87' lang='lat' dir='ltr'><strong>obtinuerit,</strong></span> <span class='ocrx_word' id='word_1_310' title='bbox 351 3551 408 3612; x_wconf 91' lang='lat' dir='ltr'><strong>nisi</strong></span> <span class='ocrx_word' id='word_1_311' title='bbox 417 3550 475 3612; x_wconf 85' lang='lat' dir='ltr'><strong>hoo</strong></span> <span class='ocrx_word' id='word_1_312' title='bbox 489 3549 668 3612; x_wconf 79' lang='lat' dir='ltr'><strong>beneficium</strong></span> <span class='ocrx_word' id='word_1_313' title='bbox 682 3551 768 3612; x_wconf 89' lang='lat' dir='ltr'><strong>titulo</strong></span> <span class='ocrx_word' id='word_1_314' title='bbox 782 3549 952 3630; x_wconf 86' lang='lat' dir='ltr'><strong>patrimonii</strong></span> <span class='ocrx_word' id='word_1_315' title='bbox 965 3548 1069 3608; x_wconf 76' lang='lat' dir='ltr'><strong>subro</strong></span> 
     </span>
     <span class='ocr_line' id='line_1_39' title="bbox 96 3635 1066 3720; baseline -0.008 -20"><span class='ocrx_word' id='word_1_316' title='bbox 96 3647 187 3712; x_wconf 75' lang='lat' dir='ltr'><strong>gatus</strong></span> <span class='ocrx_word' id='word_1_317' title='bbox 199 3639 239 3700; x_wconf 81' lang='lat' dir='ltr'><strong>ab</strong></span> <span class='ocrx_word' id='word_1_318' title='bbox 252 3639 401 3720; x_wconf 68' lang='lat' dir='ltr'><strong>Episcopo</strong></span> <span class='ocrx_word' id='word_1_319' title='bbox 415 3637 503 3700; x_wconf 81' lang='lat' dir='ltr'><strong>tuerit</strong></span> <span class='ocrx_word' id='word_1_320' title='bbox 514 3639 713 3718; x_wconf 75' lang='lat' dir='ltr'><strong>(Ferraris,v·</strong></span> <span class='ocrx_word' id='word_1_321' title='bbox 728 3638 821 3706; x_wconf 82' lang='lat' dir='ltr'><strong>Ordo.</strong></span> <span class='ocrx_word' id='word_1_322' title='bbox 839 3643 894 3697; x_wconf 88' lang='lat' dir='ltr'><strong>art.</strong></span> <span class='ocrx_word' id='word_1_323' title='bbox 910 3639 944 3710; x_wconf 71' lang='lat'><strong>2,</strong></span> <span class='ocrx_word' id='word_1_324' title='bbox 960 3647 994 3694; x_wconf 90' lang='lat' dir='ltr'><strong>n·</strong></span> <span class='ocrx_word' id='word_1_325' title='bbox 1007 3635 1066 3706; x_wconf 79' lang='grc'><strong>91),</strong></span> 
     </span>
    </p>
   </div>
   <div class='ocr_carea' id='block_1_3' title="bbox 0 1 1280 4028">
    <p class='ocr_par' dir='ltr' id='par_1_7' title="bbox 0 1 1280 4028">
     <span class='ocr_line' id='line_1_40' title="bbox 0 1 1280 4028; baseline 0 0"><span class='ocrx_word' id='word_1_326' title='bbox 0 1 1280 4028; x_wconf 95' lang='lat' dir='ltr'><strong> </strong></span> 
     </span>
    </p>
   </div>
  </div>
 </body>
</html>
