<?xml version="1.0" encoding="UTF-8"?>
<!DOCTYPE html PUBLIC "-//W3C//DTD XHTML 1.0 Transitional//EN"
    "http://www.w3.org/TR/xhtml1/DTD/xhtml1-transitional.dtd">
<html xmlns="http://www.w3.org/1999/xhtml" xml:lang="en" lang="en">
 <head>
  <title>
</title>
<meta http-equiv="Content-Type" content="text/html;charset=utf-8" />
  <meta name='ocr-system' content='tesseract 3.04.00' />
  <meta name='ocr-capabilities' content='ocr_page ocr_carea ocr_par ocr_line ocrx_word'/>
</head>
<body>
  <div class='ocr_page' id='page_1' title='image "./manualetotiusju01craigoog_0595.png"; bbox 0 0 2528 3996; ppageno 0'>
   <div class='ocr_carea' id='block_1_1' title="bbox 168 281 913 346">
    <p class='ocr_par' dir='ltr' id='par_1_1' title="bbox 168 281 913 346">
     <span class='ocr_line' id='line_1_1' title="bbox 168 281 913 346; baseline -0.011 -2"><span class='ocrx_word' id='word_1_1' title='bbox 168 281 226 346; x_wconf 74' lang='lat' dir='ltr'><strong>sao</strong></span> <span class='ocrx_word' id='word_1_2' title='bbox 387 293 523 342; x_wconf 73' lang='lat' dir='ltr'><strong>usauria</strong></span> <span class='ocrx_word' id='word_1_3' title='bbox 543 291 644 340; x_wconf 81' lang='lat' dir='ltr'><strong>nonus</strong></span> <span class='ocrx_word' id='word_1_4' title='bbox 663 289 746 336; x_wconf 79' lang='lat' dir='ltr'><strong>runis</strong></span> <span class='ocrx_word' id='word_1_5' title='bbox 766 285 913 336; x_wconf 79' lang='lat' dir='ltr'><strong>arnamar.</strong></span> 
     </span>
    </p>
   </div>
   <div class='ocr_carea' id='block_1_2' title="bbox 169 383 1145 742">
    <p class='ocr_par' dir='ltr' id='par_1_2' title="bbox 169 383 1145 742">
     <span class='ocr_line' id='line_1_2' title="bbox 169 383 1145 478; baseline -0.008 -22"><span class='ocrx_word' id='word_1_6' title='bbox 169 393 296 478; x_wconf 78' lang='lat' dir='ltr'>pendet:</span> <span class='ocrx_word' id='word_1_7' title='bbox 312 413 340 456; x_wconf 85' lang='lat' dir='ltr'><strong>v.</strong></span> <span class='ocrx_word' id='word_1_8' title='bbox 356 412 408 474; x_wconf 64' lang='lat' dir='ltr'><strong>p,</strong></span> <span class='ocrx_word' id='word_1_9' title='bbox 425 397 523 474; x_wconf 89' lang='lat' dir='ltr'><strong>potest</strong></span> <span class='ocrx_word' id='word_1_10' title='bbox 540 391 670 473; x_wconf 76' lang='lat' dir='ltr'><strong>aliquem</strong></span> <span class='ocrx_word' id='word_1_11' title='bbox 685 387 849 452; x_wconf 88' lang='lat' dir='ltr'><strong>inhabilem</strong></span> <span class='ocrx_word' id='word_1_12' title='bbox 864 384 989 449; x_wconf 89' lang='lat' dir='ltr'><strong>reddere</strong></span> <span class='ocrx_word' id='word_1_13' title='bbox 1006 383 1046 448; x_wconf 89' lang='lat' dir='ltr'><strong>ad</strong></span> <span class='ocrx_word' id='word_1_14' title='bbox 1057 385 1145 448; x_wconf 77' lang='lat' dir='ltr'><strong>erae-</strong></span> 
     </span>
     <span class='ocr_line' id='line_1_3' title="bbox 169 477 1144 563; baseline -0.009 -18"><span class='ocrx_word' id='word_1_15' title='bbox 169 482 309 545; x_wconf 89' lang='lat' dir='ltr'><strong>lationem</strong></span> <span class='ocrx_word' id='word_1_16' title='bbox 324 483 356 544; x_wconf 93' lang='lat' dir='ltr'><strong>in</strong></span> <span class='ocrx_word' id='word_1_17' title='bbox 371 483 515 563; x_wconf 76' lang='lat' dir='ltr'><strong>religione</strong></span> <span class='ocrx_word' id='word_1_18' title='bbox 538 478 757 554; x_wconf 81' lang='lat' dir='ltr'>exercendam,</span> <span class='ocrx_word' id='word_1_19' title='bbox 778 477 847 560; x_wconf 86' lang='lat' dir='ltr'><strong>quia</strong></span> <span class='ocrx_word' id='word_1_20' title='bbox 867 483 964 558; x_wconf 89' lang='lat' dir='ltr'><strong>potest</strong></span> <span class='ocrx_word' id='word_1_21' title='bbox 981 495 1044 538; x_wconf 93' lang='lat' dir='ltr'><strong>non</strong></span> <span class='ocrx_word' id='word_1_22' title='bbox 1065 493 1144 538; x_wconf 92' lang='lat' dir='ltr'><strong>con-</strong></span> 
     </span>
     <span class='ocr_line' id='line_1_4' title="bbox 169 563 1143 654; baseline -0.008 -20"><span class='ocrx_word' id='word_1_23' title='bbox 169 573 280 634; x_wconf 88' lang='lat' dir='ltr'><strong>sentire</strong></span> <span class='ocrx_word' id='word_1_24' title='bbox 302 573 396 654; x_wconf 91' lang='lat' dir='ltr'><strong>ipsius</strong></span> <span class='ocrx_word' id='word_1_25' title='bbox 416 569 574 648; x_wconf 78' lang='lat' dir='ltr'><strong>electioni,</strong></span> <span class='ocrx_word' id='word_1_26' title='bbox 599 571 656 632; x_wconf 90' lang='lat' dir='ltr'><strong>nisi</strong></span> <span class='ocrx_word' id='word_1_27' title='bbox 671 568 776 652; x_wconf 90' lang='lat' dir='ltr'><strong>positis</strong></span> <span class='ocrx_word' id='word_1_28' title='bbox 791 567 881 630; x_wconf 89' lang='lat' dir='ltr'><strong>certis</strong></span> <span class='ocrx_word' id='word_1_29' title='bbox 893 563 1121 630; x_wconf 83' lang='lat' dir='ltr'><strong>conditionibus</strong></span> <span class='ocrx_word' id='word_1_30' title='bbox 1134 585 1143 642; x_wconf 69' lang='grc' dir='ltr'>ς</span> 
     </span>
     <span class='ocr_line' id='line_1_5' title="bbox 172 655 1145 742; baseline -0.006 -20"><span class='ocrx_word' id='word_1_31' title='bbox 172 661 241 722; x_wconf 90' lang='lat' dir='ltr'><strong>item</strong></span> <span class='ocrx_word' id='word_1_32' title='bbox 255 662 501 742; x_wconf 85' lang='lat' dir='ltr'><strong>potestPraelatus</strong></span> <span class='ocrx_word' id='word_1_33' title='bbox 518 659 662 740; x_wconf 81' lang='lat' dir='ltr'><strong>regularis</strong></span> <span class='ocrx_word' id='word_1_34' title='bbox 678 657 834 740; x_wconf 84' lang='lat' dir='ltr'>imponere</span> <span class='ocrx_word' id='word_1_35' title='bbox 844 655 1058 718; x_wconf 70' lang='lat' dir='ltr'><strong>inhabilitatem</strong></span> <span class='ocrx_word' id='word_1_36' title='bbox 1073 673 1145 735; x_wconf 82' lang='lat' dir='ltr'><strong>quae</strong></span> 
     </span>
    </p>
   </div>
   <div class='ocr_carea' id='block_1_3' title="bbox 172 743 1251 831">
    <p class='ocr_par' dir='ltr' id='par_1_3' title="bbox 172 743 1251 831">
     <span class='ocr_line' id='line_1_6' title="bbox 172 743 1251 831; baseline -0.008 -19"><span class='ocrx_word' id='word_1_37' title='bbox 172 767 231 831; x_wconf 71' lang='lat' dir='ltr'><strong>pam</strong></span> <span class='ocrx_word' id='word_1_38' title='bbox 245 769 261 812; x_wconf 91' lang='lat' dir='ltr'><strong>a</strong></span> <span class='ocrx_word' id='word_1_39' title='bbox 273 768 341 830; x_wconf 79' lang='lat' dir='ltr'><strong>Jure</strong></span> <span class='ocrx_word' id='word_1_40' title='bbox 363 769 517 813; x_wconf 91' lang='lat' dir='ltr'><strong>commum</strong></span> <span class='ocrx_word' id='word_1_41' title='bbox 533 755 654 831; x_wconf 89' lang='lat' dir='ltr'><strong>propter</strong></span> <span class='ocrx_word' id='word_1_42' title='bbox 667 756 782 810; x_wconf 88' lang='lat' dir='ltr'><strong>certum</strong></span> <span class='ocrx_word' id='word_1_43' title='bbox 796 747 912 808; x_wconf 83' lang='lat' dir='ltr'><strong>crimen</strong></span> <span class='ocrx_word' id='word_1_44' title='bbox 928 743 1143 826; x_wconf 73' lang='lat' dir='ltr'><strong>praescribitur.</strong></span> <span class='ocrx_word' id='word_1_45' title='bbox 1250 753 1251 826; x_wconf 53' lang='grc' dir='ltr'>ξ</span> 
     </span>
    </p>
   </div>
   <div class='ocr_carea' id='block_1_4' title="bbox 173 834 1147 1456">
    <p class='ocr_par' dir='ltr' id='par_1_4' title="bbox 173 834 1147 1275">
     <span class='ocr_line' id='line_1_7' title="bbox 210 834 1145 918; baseline -0.011 -15"><span class='ocrx_word' id='word_1_46' title='bbox 210 843 300 903; x_wconf 78' lang='lat'><strong>3051.</strong></span> <span class='ocrx_word' id='word_1_47' title='bbox 317 841 445 902; x_wconf 88' lang='lat' dir='ltr'>Possunt</span> <span class='ocrx_word' id='word_1_48' title='bbox 462 839 552 902; x_wconf 88' lang='lat' dir='ltr'><strong>etiam</strong></span> <span class='ocrx_word' id='word_1_49' title='bbox 567 838 681 900; x_wconf 80' lang='lat' dir='ltr'><strong>Praelati</strong></span> <span class='ocrx_word' id='word_1_50' title='bbox 696 835 847 917; x_wconf 77' lang='lat' dir='ltr'><strong>regulares</strong></span> <span class='ocrx_word' id='word_1_51' title='bbox 865 834 1011 918; x_wconf 89' lang='lat' dir='ltr'><strong>quasdam</strong></span> <span class='ocrx_word' id='word_1_52' title='bbox 1031 851 1145 914; x_wconf 84' lang='lat' dir='ltr'><strong>corpa-</strong></span> 
     </span>
     <span class='ocr_line' id='line_1_8' title="bbox 173 923 1144 1011; baseline -0.005 -21"><span class='ocrx_word' id='word_1_53' title='bbox 173 929 248 991; x_wconf 88' lang='lat' dir='ltr'><strong>mles</strong></span> <span class='ocrx_word' id='word_1_54' title='bbox 262 947 366 1011; x_wconf 85' lang='lat' dir='ltr'><strong>poenas</strong></span> <span class='ocrx_word' id='word_1_55' title='bbox 389 929 549 1008; x_wconf 78' lang='lat' dir='ltr'><strong>infligere,</strong></span> <span class='ocrx_word' id='word_1_56' title='bbox 577 945 604 988; x_wconf 88' lang='lat' dir='ltr'><strong>v.</strong></span> <span class='ocrx_word' id='word_1_57' title='bbox 626 946 655 1009; x_wconf 83' lang='lat' dir='ltr'><strong>g.</strong></span> <span class='ocrx_word' id='word_1_58' title='bbox 678 944 850 1002; x_wconf 81' lang='lat' dir='ltr'><strong>carcerem,</strong></span> <span class='ocrx_word' id='word_1_59' title='bbox 873 923 1090 1005; x_wconf 81' lang='lat' dir='ltr'><strong>relegationem</strong></span> <span class='ocrx_word' id='word_1_60' title='bbox 1113 923 1144 985; x_wconf 90' lang='lat' dir='ltr'><strong>in</strong></span> 
     </span>
     <span class='ocr_line' id='line_1_9' title="bbox 174 1011 1142 1098; baseline -0.007 -18"><span class='ocrx_word' id='word_1_61' title='bbox 174 1025 353 1080; x_wconf 79' lang='lat' dir='ltr'><strong>conventum</strong></span> <span class='ocrx_word' id='word_1_62' title='bbox 363 1025 538 1079; x_wconf 80' lang='lat' dir='ltr'><strong>extraneum</strong></span> <span class='ocrx_word' id='word_1_63' title='bbox 547 1023 577 1078; x_wconf 86' lang='lat' dir='ltr'><strong>et</strong></span> <span class='ocrx_word' id='word_1_64' title='bbox 590 1017 807 1098; x_wconf 85' lang='lat' dir='ltr'><strong>longinquum,</strong></span> <span class='ocrx_word' id='word_1_65' title='bbox 823 1031 927 1095; x_wconf 81' lang='lat' dir='ltr'><strong>graves</strong></span> <span class='ocrx_word' id='word_1_66' title='bbox 941 1011 1142 1096; x_wconf 76' lang='lat' dir='ltr'><strong>paenitentias,</strong></span> 
     </span>
     <span class='ocr_line' id='line_1_10' title="bbox 173 1101 1147 1187; baseline -0.003 -22"><span class='ocrx_word' id='word_1_67' title='bbox 173 1126 264 1187; x_wconf 89' lang='lat' dir='ltr'><strong>opera</strong></span> <span class='ocrx_word' id='word_1_68' title='bbox 276 1106 352 1169; x_wconf 91' lang='lat' dir='ltr'><strong>dura</strong></span> <span class='ocrx_word' id='word_1_69' title='bbox 366 1112 395 1168; x_wconf 90' lang='lat' dir='ltr'><strong>et</strong></span> <span class='ocrx_word' id='word_1_70' title='bbox 414 1106 548 1184; x_wconf 62' lang='lat' dir='ltr'><strong>umecta,</strong></span> <span class='ocrx_word' id='word_1_71' title='bbox 573 1107 751 1185; x_wconf 88' lang='lat' dir='ltr'><strong>ejectionem</strong></span> <span class='ocrx_word' id='word_1_72' title='bbox 766 1123 802 1166; x_wconf 81' lang='lat' dir='ltr'><strong>ex</strong></span> <span class='ocrx_word' id='word_1_73' title='bbox 823 1102 934 1166; x_wconf 89' lang='lat' dir='ltr'><strong>Ordine</strong></span> <span class='ocrx_word' id='word_1_74' title='bbox 953 1121 1024 1182; x_wconf 81' lang='lat' dir='ltr'><strong>erga</strong></span> <span class='ocrx_word' id='word_1_75' title='bbox 1044 1101 1147 1164; x_wconf 84' lang='lat' dir='ltr'><strong>innor-</strong></span> 
     </span>
     <span class='ocr_line' id='line_1_11' title="bbox 174 1192 1144 1275; baseline 0.001 -21"><span class='ocrx_word' id='word_1_76' title='bbox 174 1194 322 1275; x_wconf 80' lang='lat' dir='ltr'><strong>rigibilrs‚</strong></span> <span class='ocrx_word' id='word_1_77' title='bbox 339 1205 397 1257; x_wconf 90' lang='lat' dir='ltr'><strong>etc.</strong></span> <span class='ocrx_word' id='word_1_78' title='bbox 421 1194 496 1257; x_wconf 85' lang='lat' dir='ltr'><strong>Vide</strong></span> <span class='ocrx_word' id='word_1_79' title='bbox 518 1195 575 1257; x_wconf 88' lang='lat' dir='ltr'><strong>alie</strong></span> <span class='ocrx_word' id='word_1_80' title='bbox 589 1194 669 1275; x_wconf 87' lang='lat' dir='ltr'><strong>apud</strong></span> <span class='ocrx_word' id='word_1_81' title='bbox 684 1197 719 1256; x_wconf 90' lang='lat' dir='ltr'><strong>D.</strong></span> <span class='ocrx_word' id='word_1_82' title='bbox 747 1194 840 1254; x_wconf 83' lang='lat' dir='ltr'><strong>Bouix</strong></span> <span class='ocrx_word' id='word_1_83' title='bbox 859 1192 925 1271; x_wconf 67' lang='lat' dir='ltr'><strong>(ia,</strong></span> <span class='ocrx_word' id='word_1_84' title='bbox 942 1211 972 1272; x_wconf 89' lang='lat' dir='ltr'><strong>p.</strong></span> <span class='ocrx_word' id='word_1_85' title='bbox 988 1195 1144 1270; x_wconf 61' lang='grc'><strong>407403).</strong></span> 
     </span>
    </p>

    <p class='ocr_par' dir='ltr' id='par_1_5' title="bbox 174 1279 1145 1456">
     <span class='ocr_line' id='line_1_12' title="bbox 213 1279 1145 1364; baseline -0.003 -19"><span class='ocrx_word' id='word_1_86' title='bbox 213 1287 301 1346; x_wconf 78' lang='grc'><strong>3050.</strong></span> <span class='ocrx_word' id='word_1_87' title='bbox 318 1285 439 1358; x_wconf 81' lang='lat' dir='ltr'><strong>Quaerit.</strong></span> <span class='ocrx_word' id='word_1_88' title='bbox 455 1289 487 1346; x_wconf 76' lang='lat'><strong>2⁰</strong></span> <span class='ocrx_word' id='word_1_89' title='bbox 501 1284 659 1358; x_wconf 84' lang='lat' dir='ltr'><strong>Quomodo</strong></span> <span class='ocrx_word' id='word_1_90' title='bbox 672 1283 818 1345; x_wconf 82' lang='lat' dir='ltr'><strong>canonice</strong></span> <span class='ocrx_word' id='word_1_91' title='bbox 840 1279 963 1364; x_wconf 85' lang='lat' dir='ltr'><strong>procedi</strong></span> <span class='ocrx_word' id='word_1_92' title='bbox 982 1279 1093 1342; x_wconf 89' lang='lat' dir='ltr'><strong>debeat</strong></span> <span class='ocrx_word' id='word_1_93' title='bbox 1115 1281 1145 1343; x_wconf 93' lang='lat' dir='ltr'><strong>in</strong></span> 
     </span>
     <span class='ocr_line' id='line_1_13' title="bbox 174 1372 849 1456; baseline -0.001 -21"><span class='ocrx_word' id='word_1_94' title='bbox 174 1378 263 1436; x_wconf 78' lang='lat' dir='ltr'><strong>causa</strong></span> <span class='ocrx_word' id='word_1_95' title='bbox 277 1375 425 1437; x_wconf 90' lang='lat' dir='ltr'><strong>criminali</strong></span> <span class='ocrx_word' id='word_1_96' title='bbox 439 1375 516 1436; x_wconf 86' lang='lat' dir='ltr'><strong>intra</strong></span> <span class='ocrx_word' id='word_1_97' title='bbox 530 1375 685 1456; x_wconf 81' lang='lat' dir='ltr'><strong>religiosos</strong></span> <span class='ocrx_word' id='word_1_98' title='bbox 699 1372 849 1435; x_wconf 77' lang='lat' dir='ltr'><strong>Ordines?</strong></span> 
     </span>
    </p>
   </div>
   <div class='ocr_carea' id='block_1_5' title="bbox 215 1460 1251 1548">
    <p class='ocr_par' dir='ltr' id='par_1_6' title="bbox 215 1460 1251 1548">
     <span class='ocr_line' id='line_1_14' title="bbox 215 1460 1251 1548; baseline 0 -23"><span class='ocrx_word' id='word_1_99' title='bbox 215 1465 304 1546; x_wconf 89' lang='lat' dir='ltr'><strong>Resp.</strong></span> <span class='ocrx_word' id='word_1_100' title='bbox 328 1467 359 1527; x_wconf 80' lang='lat'><strong>1⁰</strong></span> <span class='ocrx_word' id='word_1_101' title='bbox 380 1464 535 1527; x_wconf 87' lang='lat' dir='ltr'><strong>Processui</strong></span> <span class='ocrx_word' id='word_1_102' title='bbox 556 1463 703 1526; x_wconf 90' lang='lat' dir='ltr'><strong>criminali</strong></span> <span class='ocrx_word' id='word_1_103' title='bbox 727 1463 829 1526; x_wconf 92' lang='lat' dir='ltr'><strong>locum</strong></span> <span class='ocrx_word' id='word_1_104' title='bbox 850 1479 917 1524; x_wconf 88' lang='lat' dir='ltr'><strong>esse</strong></span> <span class='ocrx_word' id='word_1_105' title='bbox 940 1478 1003 1524; x_wconf 93' lang='lat' dir='ltr'><strong>non</strong></span> <span class='ocrx_word' id='word_1_106' title='bbox 1021 1460 1145 1542; x_wconf 87' lang='lat' dir='ltr'><strong>debere,</strong></span> <span class='ocrx_word' id='word_1_107' title='bbox 1250 1537 1251 1548; x_wconf 9' lang='grc' dir='ltr'>χ</span> 
     </span>
    </p>
   </div>
   <div class='ocr_carea' id='block_1_6' title="bbox 175 1551 1147 2172">
    <p class='ocr_par' dir='ltr' id='par_1_7' title="bbox 175 1551 1147 2172">
     <span class='ocr_line' id='line_1_15' title="bbox 175 1551 1147 1636; baseline -0.002 -20"><span class='ocrx_word' id='word_1_108' title='bbox 175 1555 292 1635; x_wconf 87' lang='lat' dir='ltr'><strong>quoties</strong></span> <span class='ocrx_word' id='word_1_109' title='bbox 318 1571 409 1636; x_wconf 88' lang='lat' dir='ltr'><strong>poena</strong></span> <span class='ocrx_word' id='word_1_110' title='bbox 431 1553 614 1636; x_wconf 92' lang='lat' dir='ltr'><strong>imponenda</strong></span> <span class='ocrx_word' id='word_1_111' title='bbox 638 1573 699 1616; x_wconf 93' lang='lat' dir='ltr'><strong>non</strong></span> <span class='ocrx_word' id='word_1_112' title='bbox 720 1552 837 1616; x_wconf 88' lang='lat' dir='ltr'><strong>excedit</strong></span> <span class='ocrx_word' id='word_1_113' title='bbox 858 1551 968 1612; x_wconf 90' lang='lat' dir='ltr'><strong>limites</strong></span> <span class='ocrx_word' id='word_1_114' title='bbox 992 1553 1147 1634; x_wconf 83' lang='lat' dir='ltr'><strong>potestatis</strong></span> 
     </span>
     <span class='ocr_line' id='line_1_16' title="bbox 175 1641 1147 1723; baseline -0.001 -19"><span class='ocrx_word' id='word_1_115' title='bbox 175 1643 364 1706; x_wconf 82' lang='lat' dir='ltr'><strong>donrinativae</strong></span> <span class='ocrx_word' id='word_1_116' title='bbox 377 1644 508 1722; x_wconf 81' lang='lat' dir='ltr'><strong>Praelati,</strong></span> <span class='ocrx_word' id='word_1_117' title='bbox 523 1644 565 1706; x_wconf 91' lang='lat' dir='ltr'><strong>uti</strong></span> <span class='ocrx_word' id='word_1_118' title='bbox 587 1651 657 1704; x_wconf 90' lang='lat' dir='ltr'><strong>sunt</strong></span> <span class='ocrx_word' id='word_1_119' title='bbox 677 1643 801 1704; x_wconf 90' lang='lat' dir='ltr'><strong>leviores</strong></span> <span class='ocrx_word' id='word_1_120' title='bbox 823 1641 1006 1723; x_wconf 70' lang='lat' dir='ltr'><strong>poenitentiae</strong></span> <span class='ocrx_word' id='word_1_121' title='bbox 1019 1661 1076 1722; x_wconf 94' lang='lat' dir='ltr'><strong>pro</strong></span> <span class='ocrx_word' id='word_1_122' title='bbox 1090 1659 1147 1723; x_wconf 87' lang='lat' dir='ltr'><strong>pu-</strong></span> 
     </span>
     <span class='ocr_line' id='line_1_17' title="bbox 176 1729 1147 1816; baseline 0 -23"><span class='ocrx_word' id='word_1_123' title='bbox 176 1732 293 1795; x_wconf 86' lang='lat' dir='ltr'><strong>niendis</strong></span> <span class='ocrx_word' id='word_1_124' title='bbox 329 1734 500 1816; x_wconf 85' lang='lat' dir='ltr'><strong>regularum</strong></span> <span class='ocrx_word' id='word_1_125' title='bbox 530 1733 777 1806; x_wconf 74' lang='lat' dir='ltr'><strong>inflectionibus,</strong></span> <span class='ocrx_word' id='word_1_126' title='bbox 806 1731 850 1794; x_wconf 84' lang='lat' dir='ltr'><strong>vel</strong></span> <span class='ocrx_word' id='word_1_127' title='bbox 879 1749 933 1813; x_wconf 90' lang='lat' dir='ltr'><strong>pro</strong></span> <span class='ocrx_word' id='word_1_128' title='bbox 960 1729 1147 1812; x_wconf 80' lang='lat' dir='ltr'><strong>corrigendis</strong></span> 
     </span>
     <span class='ocr_line' id='line_1_18' title="bbox 175 1819 1147 1905; baseline 0.001 -22"><span class='ocrx_word' id='word_1_129' title='bbox 175 1822 359 1899; x_wconf 82' lang='lat' dir='ltr'><strong>defectibus3</strong></span> <span class='ocrx_word' id='word_1_130' title='bbox 379 1823 431 1885; x_wconf 91' lang='lat' dir='ltr'><strong>sed</strong></span> <span class='ocrx_word' id='word_1_131' title='bbox 446 1822 620 1905; x_wconf 75' lang='lat' dir='ltr'><strong>regulariter</strong></span> <span class='ocrx_word' id='word_1_132' title='bbox 636 1829 679 1884; x_wconf 91' lang='lat' dir='ltr'><strong>est</strong></span> <span class='ocrx_word' id='word_1_133' title='bbox 691 1821 819 1902; x_wconf 82' lang='lat' dir='ltr'><strong>juridice</strong></span> <span class='ocrx_word' id='word_1_134' title='bbox 832 1819 1060 1903; x_wconf 86' lang='lat' dir='ltr'><strong>procedendum</strong></span> <span class='ocrx_word' id='word_1_135' title='bbox 1076 1840 1147 1903; x_wconf 83' lang='lat' dir='ltr'><strong>quo</strong></span> 
     </span>
     <span class='ocr_line' id='line_1_19' title="bbox 177 1909 1147 1994; baseline 0.003 -23"><span class='ocrx_word' id='word_1_136' title='bbox 177 1913 230 1972; x_wconf 86' lang='lat' dir='ltr'><strong>tirs</strong></span> <span class='ocrx_word' id='word_1_137' title='bbox 246 1913 344 1992; x_wconf 81' lang='lat' dir='ltr'><strong>agitur</strong></span> <span class='ocrx_word' id='word_1_138' title='bbox 363 1911 401 1974; x_wconf 91' lang='lat' dir='ltr'><strong>de</strong></span> <span class='ocrx_word' id='word_1_139' title='bbox 423 1913 601 1994; x_wconf 78' lang='lat' dir='ltr'><strong>poenisque</strong></span> <span class='ocrx_word' id='word_1_140' title='bbox 618 1913 727 1974; x_wconf 90' lang='lat' dir='ltr'><strong>limites</strong></span> <span class='ocrx_word' id='word_1_141' title='bbox 739 1911 825 1974; x_wconf 89' lang='lat' dir='ltr'><strong>dictae</strong></span> <span class='ocrx_word' id='word_1_142' title='bbox 838 1909 1029 1972; x_wconf 81' lang='lat' dir='ltr'><strong>dominatirae</strong></span> <span class='ocrx_word' id='word_1_143' title='bbox 1044 1919 1147 1993; x_wconf 76' lang='lat' dir='ltr'><strong>potes·</strong></span> 
     </span>
     <span class='ocr_line' id='line_1_20' title="bbox 179 1999 1146 2083; baseline 0.008 -25"><span class='ocrx_word' id='word_1_144' title='bbox 179 2011 243 2061; x_wconf 82' lang='lat' dir='ltr'><strong>tans</strong></span> <span class='ocrx_word' id='word_1_145' title='bbox 257 2001 424 2062; x_wconf 80' lang='lat' dir='ltr'><strong>erecdunt:</strong></span> <span class='ocrx_word' id='word_1_146' title='bbox 440 2021 466 2063; x_wconf 90' lang='lat' dir='ltr'><strong>v.</strong></span> <span class='ocrx_word' id='word_1_147' title='bbox 483 2021 513 2082; x_wconf 80' lang='lat' dir='ltr'><strong>g.</strong></span> <span class='ocrx_word' id='word_1_148' title='bbox 530 2001 651 2083; x_wconf 86' lang='lat' dir='ltr'><strong>quando</strong></span> <span class='ocrx_word' id='word_1_149' title='bbox 660 2003 758 2083; x_wconf 83' lang='lat' dir='ltr'><strong>agitur</strong></span> <span class='ocrx_word' id='word_1_150' title='bbox 767 2001 805 2063; x_wconf 93' lang='lat' dir='ltr'><strong>de</strong></span> <span class='ocrx_word' id='word_1_151' title='bbox 817 1999 1146 2082; x_wconf 77' lang='lat' dir='ltr'><strong>infligendiscensuris,</strong></span> 
     </span>
     <span class='ocr_line' id='line_1_21' title="bbox 177 2089 1147 2172; baseline 0.009 -27"><span class='ocrx_word' id='word_1_152' title='bbox 177 2098 213 2148; x_wconf 82' lang='lat' dir='ltr'><strong>oe</strong></span> <span class='ocrx_word' id='word_1_153' title='bbox 227 2092 450 2167; x_wconf 76' lang='lat' dir='ltr'><strong>carceralium,</strong></span> <span class='ocrx_word' id='word_1_154' title='bbox 466 2089 683 2169; x_wconf 77' lang='lat' dir='ltr'><strong>flagellatione,</strong></span> <span class='ocrx_word' id='word_1_155' title='bbox 698 2091 843 2170; x_wconf 88' lang='lat' dir='ltr'><strong>ejectione</strong></span> <span class='ocrx_word' id='word_1_156' title='bbox 858 2089 895 2151; x_wconf 93' lang='lat' dir='ltr'><strong>ab</strong></span> <span class='ocrx_word' id='word_1_157' title='bbox 904 2089 1032 2166; x_wconf 87' lang='lat' dir='ltr'><strong>Ordine,</strong></span> <span class='ocrx_word' id='word_1_158' title='bbox 1049 2094 1147 2172; x_wconf 85' lang='lat' dir='ltr'><strong>prire-</strong></span> 
     </span>
    </p>
   </div>
   <div class='ocr_carea' id='block_1_7' title="bbox 177 2179 1250 2264">
    <p class='ocr_par' dir='ltr' id='par_1_8' title="bbox 177 2179 1250 2264">
     <span class='ocr_line' id='line_1_22' title="bbox 177 2179 1250 2264; baseline 0.009 -27"><span class='ocrx_word' id='word_1_159' title='bbox 177 2179 256 2238; x_wconf 88' lang='lat' dir='ltr'><strong>tionc</strong></span> <span class='ocrx_word' id='word_1_160' title='bbox 272 2181 352 2239; x_wconf 86' lang='lat' dir='ltr'><strong>rocis</strong></span> <span class='ocrx_word' id='word_1_161' title='bbox 364 2179 466 2239; x_wconf 78' lang='lat' dir='ltr'><strong>activae</strong></span> <span class='ocrx_word' id='word_1_162' title='bbox 479 2187 509 2239; x_wconf 90' lang='lat' dir='ltr'><strong>et</strong></span> <span class='ocrx_word' id='word_1_163' title='bbox 522 2181 664 2260; x_wconf 69' lang='lat' dir='ltr'><strong>passivae:</strong></span> <span class='ocrx_word' id='word_1_164' title='bbox 680 2180 751 2262; x_wconf 87' lang='lat' dir='ltr'><strong>quia</strong></span> <span class='ocrx_word' id='word_1_165' title='bbox 764 2187 837 2242; x_wconf 91' lang='lat' dir='ltr'><strong>tunc</strong></span> <span class='ocrx_word' id='word_1_166' title='bbox 849 2179 993 2242; x_wconf 85' lang='lat' dir='ltr'><strong>Praelatus</strong></span> <span class='ocrx_word' id='word_1_167' title='bbox 1003 2199 1066 2242; x_wconf 93' lang='lat' dir='ltr'><strong>non</strong></span> <span class='ocrx_word' id='word_1_168' title='bbox 1082 2201 1149 2264; x_wconf 82' lang='lat' dir='ltr'><strong>pro-</strong></span> <span class='ocrx_word' id='word_1_169' title='bbox 1249 2199 1250 2216; x_wconf 49' lang='lat' dir='ltr'><strong>l</strong></span> 
     </span>
    </p>
   </div>
   <div class='ocr_carea' id='block_1_8' title="bbox 176 2266 1148 2528">
    <p class='ocr_par' dir='ltr' id='par_1_9' title="bbox 176 2266 1148 2528">
     <span class='ocr_line' id='line_1_23' title="bbox 176 2266 599 2348; baseline 0.007 -20"><span class='ocrx_word' id='word_1_170' title='bbox 176 2266 253 2328; x_wconf 86' lang='lat' dir='ltr'><strong>ccdu</strong></span> <span class='ocrx_word' id='word_1_171' title='bbox 269 2269 323 2328; x_wconf 90' lang='lat' dir='ltr'><strong>nrsi</strong></span> <span class='ocrx_word' id='word_1_172' title='bbox 338 2276 486 2348; x_wconf 87' lang='lat' dir='ltr'><strong>quatenus</strong></span> <span class='ocrx_word' id='word_1_173' title='bbox 497 2269 599 2348; x_wconf 90' lang='lat' dir='ltr'><strong>judex.</strong></span> 
     </span>
     <span class='ocr_line' id='line_1_24' title="bbox 216 2357 1148 2438; baseline 0.009 -21"><span class='ocrx_word' id='word_1_174' title='bbox 216 2358 305 2418; x_wconf 79' lang='grc'><strong>3033.</strong></span> <span class='ocrx_word' id='word_1_175' title='bbox 322 2359 388 2418; x_wconf 76' lang='lat' dir='ltr'><strong>Non</strong></span> <span class='ocrx_word' id='word_1_176' title='bbox 403 2365 504 2418; x_wconf 89' lang='lat' dir='ltr'><strong>tamen</strong></span> <span class='ocrx_word' id='word_1_177' title='bbox 519 2375 626 2421; x_wconf 90' lang='lat' dir='ltr'><strong>omnes</strong></span> <span class='ocrx_word' id='word_1_178' title='bbox 640 2357 842 2421; x_wconf 79' lang='lat' dir='ltr'><strong>solemnitates</strong></span> <span class='ocrx_word' id='word_1_179' title='bbox 860 2359 878 2419; x_wconf 76' lang='lat' dir='ltr'><strong>a</strong></span> <span class='ocrx_word' id='word_1_180' title='bbox 897 2357 966 2438; x_wconf 85' lang='lat' dir='ltr'><strong>jure</strong></span> <span class='ocrx_word' id='word_1_181' title='bbox 987 2361 1148 2425; x_wconf 88' lang='lat' dir='ltr'><strong>communi</strong></span> 
     </span>
     <span class='ocr_line' id='line_1_25' title="bbox 179 2445 1147 2528; baseline 0.01 -24"><span class='ocrx_word' id='word_1_182' title='bbox 179 2447 356 2524; x_wconf 75' lang='lat' dir='ltr'><strong>prescriptae</strong></span> <span class='ocrx_word' id='word_1_183' title='bbox 378 2445 570 2509; x_wconf 73' lang='lat' dir='ltr'><strong>observandae</strong></span> <span class='ocrx_word' id='word_1_184' title='bbox 590 2447 711 2510; x_wconf 89' lang='lat' dir='ltr'><strong>suntin</strong></span> <span class='ocrx_word' id='word_1_185' title='bbox 733 2446 906 2525; x_wconf 88' lang='lat' dir='ltr'><strong>hujusmodi</strong></span> <span class='ocrx_word' id='word_1_186' title='bbox 930 2449 1147 2528; x_wconf 88' lang='lat' dir='ltr'><strong>processibus:</strong></span> 
     </span>
    </p>
   </div>
   <div class='ocr_carea' id='block_1_9' title="bbox 179 2533 1249 2620">
    <p class='ocr_par' dir='ltr' id='par_1_10' title="bbox 179 2533 1249 2620">
     <span class='ocr_line' id='line_1_26' title="bbox 179 2533 1249 2620; baseline 0.008 -26"><span class='ocrx_word' id='word_1_187' title='bbox 179 2551 246 2596; x_wconf 77' lang='lat' dir='ltr'><strong>riam</strong></span> <span class='ocrx_word' id='word_1_188' title='bbox 271 2538 298 2595; x_wconf 72' lang='grc' dir='ltr'><strong><em>Γ</em></strong></span> <span class='ocrx_word' id='word_1_189' title='bbox 312 2533 419 2598; x_wconf 81' lang='lat' dir='ltr'><strong>sufficit</strong></span> <span class='ocrx_word' id='word_1_190' title='bbox 434 2553 550 2597; x_wconf 86' lang='lat' dir='ltr'><strong>servare</strong></span> <span class='ocrx_word' id='word_1_191' title='bbox 561 2535 688 2598; x_wconf 79' lang='lat' dir='ltr'><strong>formam</strong></span> <span class='ocrx_word' id='word_1_192' title='bbox 695 2534 880 2617; x_wconf 79' lang='lat' dir='ltr'><strong>judiciorum</strong></span> <span class='ocrx_word' id='word_1_193' title='bbox 901 2539 1147 2620; x_wconf 71' lang='lat' dir='ltr'><strong>commarcarum,</strong></span> <span class='ocrx_word' id='word_1_194' title='bbox 1248 2581 1249 2614; x_wconf 36' lang='lat' dir='ltr'><strong>r</strong></span> 
     </span>
    </p>
   </div>
   <div class='ocr_carea' id='block_1_10' title="bbox 177 2624 1149 2890">
    <p class='ocr_par' dir='ltr' id='par_1_11' title="bbox 177 2624 1149 2890">
     <span class='ocr_line' id='line_1_27' title="bbox 179 2624 1147 2706; baseline 0.008 -22"><span class='ocrx_word' id='word_1_195' title='bbox 179 2632 208 2684; x_wconf 88' lang='lat' dir='ltr'><strong>ut</strong></span> <span class='ocrx_word' id='word_1_196' title='bbox 223 2631 339 2686; x_wconf 87' lang='lat' dir='ltr'><strong>constat</strong></span> <span class='ocrx_word' id='word_1_197' title='bbox 354 2645 420 2706; x_wconf 84' lang='lat' dir='ltr'><strong>rap.</strong></span> <span class='ocrx_word' id='word_1_198' title='bbox 444 2624 582 2700; x_wconf 79' lang='lat' dir='ltr'><strong>Qualiter</strong></span> <span class='ocrx_word' id='word_1_199' title='bbox 595 2633 624 2687; x_wconf 89' lang='lat' dir='ltr'><strong>et</strong></span> <span class='ocrx_word' id='word_1_200' title='bbox 643 2625 757 2706; x_wconf 85' lang='lat' dir='ltr'><strong>quando</strong></span> <span class='ocrx_word' id='word_1_201' title='bbox 771 2629 825 2702; x_wconf 71' lang='grc'><strong>00,</strong></span> <span class='ocrx_word' id='word_1_202' title='bbox 846 2624 880 2686; x_wconf 86' lang='lat' dir='ltr'><strong>de</strong></span> <span class='ocrx_word' id='word_1_203' title='bbox 893 2627 1147 2702; x_wconf 81' lang='lat' dir='ltr'><strong>accusationibus:</strong></span> 
     </span>
     <span class='ocr_line' id='line_1_28' title="bbox 177 2713 1148 2800; baseline 0.009 -28"><span class='ocrx_word' id='word_1_204' title='bbox 177 2717 207 2772; x_wconf 72' lang='lat'><strong>9⁰</strong></span> <span class='ocrx_word' id='word_1_205' title='bbox 218 2716 244 2796; x_wconf 84' lang='lat' dir='ltr'><strong>si</strong></span> <span class='ocrx_word' id='word_1_206' title='bbox 262 2713 438 2794; x_wconf 84' lang='lat' dir='ltr'><strong>procedatur</strong></span> <span class='ocrx_word' id='word_1_207' title='bbox 450 2721 554 2775; x_wconf 90' lang='lat' dir='ltr'><strong>contra</strong></span> <span class='ocrx_word' id='word_1_208' title='bbox 568 2715 728 2778; x_wconf 84' lang='lat' dir='ltr'><strong>Praelatum</strong></span> <span class='ocrx_word' id='word_1_209' title='bbox 738 2715 905 2796; x_wconf 81' lang='lat' dir='ltr'><strong>regularem</strong></span> <span class='ocrx_word' id='word_1_210' title='bbox 920 2713 957 2777; x_wconf 89' lang='lat' dir='ltr'><strong>ad</strong></span> <span class='ocrx_word' id='word_1_211' title='bbox 971 2733 1042 2778; x_wconf 90' lang='lat' dir='ltr'><strong>eum</strong></span> <span class='ocrx_word' id='word_1_212' title='bbox 1052 2719 1148 2800; x_wconf 90' lang='lat' dir='ltr'><strong>depo-</strong></span> 
     </span>
     <span class='ocr_line' id='line_1_29' title="bbox 179 2801 1149 2890; baseline 0.011 -28"><span class='ocrx_word' id='word_1_213' title='bbox 179 2801 327 2872; x_wconf 82' lang='lat' dir='ltr'><strong>nendum,</strong></span> <span class='ocrx_word' id='word_1_214' title='bbox 342 2805 474 2866; x_wconf 90' lang='lat' dir='ltr'><strong>minores</strong></span> <span class='ocrx_word' id='word_1_215' title='bbox 487 2821 585 2866; x_wconf 86' lang='lat' dir='ltr'><strong>oausae</strong></span> <span class='ocrx_word' id='word_1_216' title='bbox 599 2811 627 2866; x_wconf 90' lang='lat' dir='ltr'><strong>et</strong></span> <span class='ocrx_word' id='word_1_217' title='bbox 642 2804 832 2885; x_wconf 87' lang='lat' dir='ltr'><strong>probationes</strong></span> <span class='ocrx_word' id='word_1_218' title='bbox 845 2804 1039 2886; x_wconf 84' lang='lat' dir='ltr'><strong>requiruntur</strong></span> <span class='ocrx_word' id='word_1_219' title='bbox 1053 2827 1149 2890; x_wconf 85' lang='lat' dir='ltr'><strong>quam</strong></span> 
     </span>
    </p>
   </div>
   <div class='ocr_carea' id='block_1_11' title="bbox 178 2890 1248 3061">
    <p class='ocr_par' dir='ltr' id='par_1_12' title="bbox 178 2890 1248 3061">
     <span class='ocr_line' id='line_1_30' title="bbox 180 2890 1248 2980; baseline 0.008 -28"><span class='ocrx_word' id='word_1_220' title='bbox 180 2892 200 2952; x_wconf 72' lang='lat' dir='ltr'><strong>ei</strong></span> <span class='ocrx_word' id='word_1_221' title='bbox 217 2901 355 2972; x_wconf 84' lang='lat' dir='ltr'><strong>ageretur</strong></span> <span class='ocrx_word' id='word_1_222' title='bbox 368 2892 406 2953; x_wconf 88' lang='lat' dir='ltr'><strong>de</strong></span> <span class='ocrx_word' id='word_1_223' title='bbox 419 2890 599 2975; x_wconf 90' lang='lat' dir='ltr'><strong>deponendo</strong></span> <span class='ocrx_word' id='word_1_224' title='bbox 613 2894 738 2956; x_wconf 85' lang='lat' dir='ltr'><strong>Praelato</strong></span> <span class='ocrx_word' id='word_1_225' title='bbox 759 2894 893 2956; x_wconf 65' lang='lat' dir='ltr'><strong>saeculari</strong></span> <span class='ocrx_word' id='word_1_226' title='bbox 903 2914 911 2970; x_wconf 91' lang='lat'>;</span> <span class='ocrx_word' id='word_1_227' title='bbox 922 2897 953 2957; x_wconf 81' lang='lat'><strong>3⁰</strong></span> <span class='ocrx_word' id='word_1_228' title='bbox 964 2896 1050 2974; x_wconf 81' lang='lat' dir='ltr'><strong>juxta</strong></span> <span class='ocrx_word' id='word_1_229' title='bbox 1066 2915 1149 2960; x_wconf 88' lang='lat' dir='ltr'><strong>com-</strong></span> <span class='ocrx_word' id='word_1_230' title='bbox 1247 2941 1248 2980; x_wconf 24' lang='lat' dir='ltr'><strong>p</strong></span> 
     </span>
     <span class='ocr_line' id='line_1_31' title="bbox 178 2982 1248 3061; baseline 0.013 -22"><span class='ocrx_word' id='word_1_231' title='bbox 178 2982 347 3042; x_wconf 87' lang='lat' dir='ltr'><strong>munimem</strong></span> <span class='ocrx_word' id='word_1_232' title='bbox 362 2983 557 3061; x_wconf 85' lang='lat' dir='ltr'><strong>sententiam,</strong></span> <span class='ocrx_word' id='word_1_233' title='bbox 578 3001 639 3045; x_wconf 95' lang='lat' dir='ltr'><strong>non</strong></span> <span class='ocrx_word' id='word_1_234' title='bbox 654 2991 725 3045; x_wconf 88' lang='lat' dir='ltr'><strong>sunt</strong></span> <span class='ocrx_word' id='word_1_235' title='bbox 737 2983 991 3047; x_wconf 88' lang='lat' dir='ltr'><strong>communicanda</strong></span> <span class='ocrx_word' id='word_1_236' title='bbox 1014 3003 1067 3048; x_wconf 88' lang='lat' dir='ltr'><strong>reo</strong></span> <span class='ocrx_word' id='word_1_237' title='bbox 1085 2995 1149 3052; x_wconf 75' lang='lat' dir='ltr'><strong>tes·</strong></span> <span class='ocrx_word' id='word_1_238' title='bbox 1247 2983 1248 3032; x_wconf 79' lang='lat' dir='ltr'><strong>l</strong></span> 
     </span>
    </p>
   </div>
   <div class='ocr_carea' id='block_1_12' title="bbox 177 3069 1248 3514">
    <p class='ocr_par' dir='ltr' id='par_1_13' title="bbox 177 3069 1248 3158">
     <span class='ocr_line' id='line_1_32' title="bbox 177 3069 1248 3158; baseline 0.005 -26"><span class='ocrx_word' id='word_1_239' title='bbox 177 3069 252 3132; x_wconf 91' lang='lat' dir='ltr'><strong>tium</strong></span> <span class='ocrx_word' id='word_1_240' title='bbox 268 3071 409 3146; x_wconf 81' lang='lat' dir='ltr'><strong>nomina,</strong></span> <span class='ocrx_word' id='word_1_241' title='bbox 424 3070 477 3132; x_wconf 91' lang='lat' dir='ltr'><strong>sed</strong></span> <span class='ocrx_word' id='word_1_242' title='bbox 491 3071 634 3135; x_wconf 88' lang='lat' dir='ltr'><strong>duntaxat</strong></span> <span class='ocrx_word' id='word_1_243' title='bbox 650 3072 862 3154; x_wconf 90' lang='lat' dir='ltr'><strong>depositiones.</strong></span> <span class='ocrx_word' id='word_1_244' title='bbox 1247 3151 1248 3158; x_wconf 6' lang='grc' dir='ltr'>ἵ</span> 
     </span>
    </p>

    <p class='ocr_par' dir='ltr' id='par_1_14' title="bbox 177 3159 1248 3514">
     <span class='ocr_line' id='line_1_33' title="bbox 215 3159 1248 3249; baseline 0.012 -28"><span class='ocrx_word' id='word_1_245' title='bbox 215 3161 305 3221; x_wconf 78' lang='grc'><strong>3050.</strong></span> <span class='ocrx_word' id='word_1_246' title='bbox 328 3159 472 3229; x_wconf 76' lang='lat' dir='ltr'><strong>Quaenam</strong></span> <span class='ocrx_word' id='word_1_247' title='bbox 486 3163 555 3222; x_wconf 85' lang='lat' dir='ltr'><strong>verb</strong></span> <span class='ocrx_word' id='word_1_248' title='bbox 576 3163 635 3224; x_wconf 88' lang='lat' dir='ltr'><strong>sint</strong></span> <span class='ocrx_word' id='word_1_249' title='bbox 654 3162 838 3224; x_wconf 85' lang='lat' dir='ltr'><strong>observanda</strong></span> <span class='ocrx_word' id='word_1_250' title='bbox 853 3165 883 3226; x_wconf 91' lang='lat' dir='ltr'><strong>in</strong></span> <span class='ocrx_word' id='word_1_251' title='bbox 904 3163 1009 3227; x_wconf 87' lang='lat' dir='ltr'><strong>ordine</strong></span> <span class='ocrx_word' id='word_1_252' title='bbox 1022 3186 1150 3249; x_wconf 87' lang='lat' dir='ltr'><strong>proces·</strong></span> <span class='ocrx_word' id='word_1_253' title='bbox 1247 3169 1248 3180; x_wconf 75' lang='grc'>’</span> 
     </span>
     <span class='ocr_line' id='line_1_34' title="bbox 177 3245 1150 3332; baseline 0.013 -22"><span class='ocrx_word' id='word_1_254' title='bbox 177 3250 239 3326; x_wconf 79' lang='lat' dir='ltr'><strong>stis,</strong></span> <span class='ocrx_word' id='word_1_255' title='bbox 255 3245 362 3309; x_wconf 90' lang='lat' dir='ltr'><strong>deduci</strong></span> <span class='ocrx_word' id='word_1_256' title='bbox 376 3253 472 3327; x_wconf 89' lang='lat' dir='ltr'><strong>potest</strong></span> <span class='ocrx_word' id='word_1_257' title='bbox 485 3267 521 3311; x_wconf 90' lang='lat' dir='ltr'><strong>ex</strong></span> <span class='ocrx_word' id='word_1_258' title='bbox 536 3250 675 3332; x_wconf 72' lang='lat' dir='ltr'><strong>legitimis</strong></span> <span class='ocrx_word' id='word_1_259' title='bbox 687 3251 957 3316; x_wconf 89' lang='lat' dir='ltr'><strong>consuctudinibus</strong></span> <span class='ocrx_word' id='word_1_260' title='bbox 978 3262 1008 3316; x_wconf 92' lang='lat' dir='ltr'><strong>et</strong></span> <span class='ocrx_word' id='word_1_261' title='bbox 1030 3261 1150 3324; x_wconf 88' lang='lat' dir='ltr'><strong>statutis</strong></span> 
     </span>
     <span class='ocr_line' id='line_1_35' title="bbox 177 3335 1150 3426; baseline 0.012 -27"><span class='ocrx_word' id='word_1_262' title='bbox 177 3340 324 3417; x_wconf 76' lang='lat' dir='ltr'><strong>cuiusque</strong></span> <span class='ocrx_word' id='word_1_263' title='bbox 337 3335 457 3400; x_wconf 90' lang='lat' dir='ltr'><strong>Ordinis</strong></span> <span class='ocrx_word' id='word_1_264' title='bbox 473 3356 481 3399; x_wconf 75' lang='grc' dir='ltr'>ι</span> <span class='ocrx_word' id='word_1_265' title='bbox 500 3341 668 3403; x_wconf 83' lang='lat' dir='ltr'><strong>essentialia</strong></span> <span class='ocrx_word' id='word_1_266' title='bbox 682 3348 781 3402; x_wconf 87' lang='lat' dir='ltr'><strong>tamen</strong></span> <span class='ocrx_word' id='word_1_267' title='bbox 801 3341 878 3420; x_wconf 85' lang='lat' dir='ltr'><strong>juris</strong></span> <span class='ocrx_word' id='word_1_268' title='bbox 895 3361 1015 3426; x_wconf 86' lang='lat' dir='ltr'><strong>semper</strong></span> <span class='ocrx_word' id='word_1_269' title='bbox 1035 3345 1150 3411; x_wconf 88' lang='lat' dir='ltr'><strong>debent</strong></span> 
     </span>
     <span class='ocr_line' id='line_1_36' title="bbox 178 3426 1149 3514; baseline 0.016 -27"><span class='ocrx_word' id='word_1_270' title='bbox 178 3426 347 3503; x_wconf 85' lang='lat' dir='ltr'><strong>observari,</strong></span> <span class='ocrx_word' id='word_1_271' title='bbox 367 3445 497 3507; x_wconf 86' lang='lat' dir='ltr'><strong>quorum</strong></span> <span class='ocrx_word' id='word_1_272' title='bbox 522 3431 779 3492; x_wconf 91' lang='lat' dir='ltr'><strong>enumerationem</strong></span> <span class='ocrx_word' id='word_1_273' title='bbox 797 3429 864 3493; x_wconf 87' lang='lat' dir='ltr'><strong>vide</strong></span> <span class='ocrx_word' id='word_1_274' title='bbox 885 3434 964 3514; x_wconf 89' lang='lat' dir='ltr'><strong>apud</strong></span> <span class='ocrx_word' id='word_1_275' title='bbox 988 3437 1023 3496; x_wconf 90' lang='lat' dir='ltr'><strong>O.</strong></span> <span class='ocrx_word' id='word_1_276' title='bbox 1051 3439 1149 3504; x_wconf 84' lang='lat' dir='ltr'><strong>Bouix</strong></span> 
     </span>
    </p>
   </div>
   <div class='ocr_carea' id='block_1_13' title="bbox 179 3514 1247 3688">
    <p class='ocr_par' dir='ltr' id='par_1_15' title="bbox 179 3514 1247 3688">
     <span class='ocr_line' id='line_1_37' title="bbox 180 3514 1247 3605; baseline 0.011 -31"><span class='ocrx_word' id='word_1_277' title='bbox 180 3515 238 3593; x_wconf 82' lang='lat' dir='ltr'><strong>(De</strong></span> <span class='ocrx_word' id='word_1_278' title='bbox 251 3514 372 3595; x_wconf 70' lang='lat' dir='ltr'><strong>Requi„</strong></span> <span class='ocrx_word' id='word_1_279' title='bbox 388 3523 461 3577; x_wconf 92' lang='lat' dir='ltr'><strong>tom.</strong></span> <span class='ocrx_word' id='word_1_280' title='bbox 477 3519 506 3586; x_wconf 76' lang='lat'><strong>2.</strong></span> <span class='ocrx_word' id='word_1_281' title='bbox 524 3536 553 3599; x_wconf 91' lang='lat' dir='ltr'><strong>p.</strong></span> <span class='ocrx_word' id='word_1_282' title='bbox 568 3521 735 3596; x_wconf 52' lang='lat' dir='ltr'><strong>tlt-tlt„</strong></span> <span class='ocrx_word' id='word_1_283' title='bbox 750 3518 818 3581; x_wconf 87' lang='lat' dir='ltr'><strong>ride</strong></span> <span class='ocrx_word' id='word_1_284' title='bbox 830 3520 920 3584; x_wconf 86' lang='lat' dir='ltr'><strong>etiam</strong></span> <span class='ocrx_word' id='word_1_285' title='bbox 936 3523 1045 3605; x_wconf 77' lang='lat' dir='ltr'><strong>quain</strong></span> <span class='ocrx_word' id='word_1_286' title='bbox 1060 3530 1150 3593; x_wconf 90' lang='lat' dir='ltr'><strong>tertio</strong></span> <span class='ocrx_word' id='word_1_287' title='bbox 1246 3581 1247 3586; x_wconf 75' lang='grc'>,</span> 
     </span>
     <span class='ocr_line' id='line_1_38' title="bbox 179 3599 1247 3688; baseline 0.012 -25"><span class='ocrx_word' id='word_1_288' title='bbox 179 3600 253 3664; x_wconf 93' lang='lat' dir='ltr'><strong>libro</strong></span> <span class='ocrx_word' id='word_1_289' title='bbox 267 3603 355 3684; x_wconf 76' lang='lat' dir='ltr'><strong>huius</strong></span> <span class='ocrx_word' id='word_1_290' title='bbox 369 3605 728 3688; x_wconf 82' lang='lat' dir='ltr'><strong>Munuatiaexponentur.</strong></span> <span class='ocrx_word' id='word_1_291' title='bbox 1246 3599 1247 3608; x_wconf 34' lang='lat'>¹</span> 
     </span>
    </p>
   </div>
   <div class='ocr_carea' id='block_1_14' title="bbox 219 3694 1149 3788">
    <p class='ocr_par' dir='ltr' id='par_1_16' title="bbox 219 3694 1149 3788">
     <span class='ocr_line' id='line_1_39' title="bbox 219 3694 1149 3788; baseline 0.013 -37"><span class='ocrx_word' id='word_1_292' title='bbox 219 3695 307 3754; x_wconf 80' lang='lat'>3055.</span> <span class='ocrx_word' id='word_1_293' title='bbox 330 3697 361 3754; x_wconf 71' lang='lat'><strong>2⁰</strong></span> <span class='ocrx_word' id='word_1_294' title='bbox 371 3694 475 3765; x_wconf 84' lang='lat' dir='ltr'><strong>Quoad</strong></span> <span class='ocrx_word' id='word_1_295' title='bbox 485 3695 851 3777; x_wconf 81' lang='lat' dir='ltr'><strong>appellationem,certtrm</strong></span> <span class='ocrx_word' id='word_1_296' title='bbox 862 3703 910 3762; x_wconf 81' lang='lat' dir='ltr'><strong>est</strong></span> <span class='ocrx_word' id='word_1_297' title='bbox 921 3701 1149 3788; x_wconf 77' lang='lat' dir='ltr'><strong>religiosispro.</strong></span> 
     </span>
    </p>
   </div>
   <div class='ocr_carea' id='block_1_15' title="bbox 0 0 1276 3996">
    <p class='ocr_par' dir='ltr' id='par_1_17' title="bbox 0 0 1276 3996">
     <span class='ocr_line' id='line_1_40' title="bbox 0 0 1276 3996; baseline 0 0"><span class='ocrx_word' id='word_1_298' title='bbox 0 0 1276 3996; x_wconf 95' lang='lat' dir='ltr'><strong> </strong></span> 
     </span>
    </p>
   </div>
  </div>
 </body>
</html>
