2550 3992
324 238 410 286 arnan
432 237 592 285 secuunus.
616 253 654 270 -
676 239 864 286 renuncians.
1029 228 1089 286 689

147 355 195 419 Vl.
220 355 385 418 lienentur
412 355 488 420 binc
512 373 636 430 omnes,
660 365 695 420 ut
724 357 763 420 ad
791 375 911 420 sacram
940 359 1089 438 Synaxim

114 454 220 508 cureat
244 443 409 524 diligenter
434 463 468 506 se
489 462 665 526 preparare
686 454 717 508 et
745 445 894 508 accedere
916 446 1028 510 diebus
1057 448 1090 509 in

114 535 246 616 propriis
260 534 376 614 regulis
391 534 516 596 statutis
531 552 540 608 ;
555 547 586 596 et
610 535 731 618 quoties
745 535 786 596 ob
811 535 964 598 lerrorem
980 545 1010 597 et
1024 536 1091 618 rpi-

112 625 254 686 ritualem
269 621 403 701 alicujus
420 620 596 702 profectum
611 622 831 686 Conl‘esearius
847 623 995 703 expedire
1007 625 1091 704 judi·

113 715 223 776 caverit
237 722 271 774 ut
286 709 483 792 frequentius
495 711 632 786 accedat,
651 712 680 774 id
696 715 722 774 ei
748 712 788 774 ab
804 713 875 792 ipso
893 711 1090 777 Conl'essario

115 803 246 886 permitti
263 803 384 884 poterit.
398 800 514 863 Verum
525 801 577 880 qui
596 800 756 864 licentiam
768 821 785 864 a
799 801 999 865 Coulessario
1009 803 1091 865 oliti-

113 891 215 954 nuerit
228 889 449 970 frequentioris
469 907 506 953 ac
519 890 612 952 etiam
629 891 822 972 quotidianae
840 891 1089 965 llommunionis.

112 981 150 1044 de
164 979 224 1042 boc
237 983 400 1042 certiorem
417 978 547 1042 reddere
562 978 765 1060 Superiorem
780 989 925 1042 teneatur
941 999 950 1054 3
967 981 1090 1062 quodsi

113 1069 163 1132 bic
180 1069 280 1148 justas
301 1087 478 1149 gravesque
502 1085 612 1132 causas
637 1087 670 1131 se
694 1069 810 1131 habere
834 1079 958 1151 reputet
982 1081 1090 1132 contra

113 1157 336 1242 frequentiores
352 1157 534 1238 hujusmodi
549 1156 812 1232 Commuuionee‚
827 1176 879 1219 eas
895 1157 1093 1221 Conlessario

116 1246 312 1310 manifestare
328 1257 483 1325 teneatur,
499 1247 591 1326 cujus
604 1247 722 1326 judicio
743 1247 1010 1327 acquiescendum
1027 1267 1091 1310 onr-

114 1337 270 1400 niuueril.
502 1329 508 1340 ⁶

151 1426 214 1490 iil.
238 1425 352 1488 Eadem
370 1423 524 1486 Sanctitas
548 1424 609 1487 Sua
635 1429 764 1506 insuper
792 1425 919 1487 mandat
942 1426 1094 1488 omnibus

114 1524 144 1578 et
161 1513 293 1592 singuiis
315 1511 537 1593 Superioribus
551 1511 767 1587 Generalibus,
789 1512 1038 1576 Prouincialilurs
1052 1534 1091 1576 en

114 1605 278 1668 bucalibus
298 1605 516 1666 instituturum
536 1604 576 1665 dc
598 1602 712 1684 quibus
733 1620 841 1684 supra,
858 1603 924 1664 sire
939 1603 1092 1680 virorum,

115 1693 366 1764 siremulrerum,
379 1701 413 1755 ut
425 1692 564 1754 studiose
576 1701 784 1774 accurateque
802 1690 1094 1774 buiusDerretidis·

115 1783 282 1865 positiones
292 1780 470 1854 observent,
488 1780 548 1842 sub
561 1781 662 1862 prauis
677 1792 786 1844 contra
799 1781 983 1863 Superiores
999 1785 1095 1861 Apos-

115 1872 214 1935 tolirae
229 1869 318 1933 Sedis
334 1870 481 1932 mandata
509 1869 662 1956 violantes
678 1871 747 1952 ipso
762 1869 842 1933 lacto
863 1870 1073 1934 incurrendis.

154 1957 232 2022 vill.
252 1957 391 2040 Denique
403 1959 542 2031 mandat,
555 1965 588 2021 ut
598 1961 760 2040 praesentis
774 1959 1096 2039 Decretiexernplarie

114 2051 148 2113 in
166 2048 372 2111 vernaculum
388 2065 567 2111 sermonem
593 2067 680 2112 versa
698 2049 879 2113 inserantur
893 2047 1096 2111 Constitutio-

114 2139 209 2201 nibus
238 2137 465 2216 praedicturum
497 2139 623 2222 piorum
658 2139 891 2216 institutorum,
927 2149 958 2201 et
985 2139 1096 2200 saltem

115 2226 211 2292 semei
228 2227 258 2287 iu
273 2243 368 2302 anno,
386 2236 467 2288 stato
482 2238 622 2307 tempore
638 2228 669 2288 iu
688 2245 880 2310 unaquaque
899 2227 1009 2306 Drimn,
1033 2229 1097 2290 aire

113 2318 147 2378 iu
175 2315 298 2398 publica
323 2331 444 2385 mensa,
467 2315 533 2376 sire
559 2318 589 2375 in
610 2314 757 2396 Capiluio
781 2318 819 2378 ad
838 2318 899 2380 boc
918 2317 1097 2398 specialiter

114 2417 288 2470 conuocato
302 2404 365 2465 alta
380 2414 410 2464 et
428 2401 621 2481 intelligibili
639 2421 713 2464 voce
730 2405 888 2484 legantur.

155 2493 195 2555 Et
221 2493 263 2555 ita
286 2493 442 2556 Sanctitas
463 2491 525 2554 Sua
548 2490 711 2554 constituit
737 2502 832 2574 atque
855 2492 1005 2565 decrerit,
1026 2510 1098 2555 con·

115 2583 221 2648 trariis
235 2579 506 2662 quibuscumque,
527 2583 621 2642 etiarn
639 2582 768 2662 speciali
783 2591 814 2644 et
831 2579 997 2644 individua
1012 2598 1100 2644 men-

114 2671 204 2736 tione
220 2672 336 2753 «lignis,
355 2675 489 2733 minime
503 2669 715 2732 obstantibus.

159 2761 270 2822 [latum
283 2759 391 2823 Romae
406 2779 443 2823 ex
459 2758 633 2822 Secretaria
646 2778 687 2822 m»
698 2757 865 2823 moraloeS.
878 2759 1099 2844 congregatio-

113 2850 405 2932 nisEpiscoporum
419 2848 674 2930 etRegularium,
688 2848 739 2910 die
754 2850 790 2910 l7
812 2851 989 2915 Decembris
1006 2849 1099 2915 l890.

354 2967 379 3028 1.
403 2964 582 3028 cardinalis
600 2962 715 3036 Venor,
738 2965 918 3044 Praefectus.

211 3064 307 3147 †Fn.
331 3065 469 3127 decasius
490 3062 663 3144 Episcopus
677 3061 875 3142 Callinicen.,
898 3064 1099 3127 secretarius.

378 3341 427 3424 (ll.
442 3377 482 3390 -
496 3341 723 3406 declarationes
737 3342 841 3404 eurio.

157 3459 349 3522 Jemrcroex
362 3459 567 3540 responsione
579 3457 611 3520 S.
627 3456 659 3522 (l.
677 3457 737 3519 ΒΕ.
754 3468 785 3520 et
799 3458 847 3520 llll
871 3459 906 3522 d.
927 3462 963 3522 l'l
979 3462 1103 3540 augusti

115 3547 198 3612 aaut
248 3549 287 3612 ad
328 3547 521 3631 Episcopum
563 3549 789 3613 Malacitanum
833 3547 884 3632 (oi.
926 3551 1102 3627 canonista,
