2486 3984
436 291 520 346 traca
540 289 659 346 narnus.
982 282 1038 344 tat

62 421 133 483 catis
145 419 263 501 quibus
277 436 400 482 annexa
414 429 459 481 est
475 437 607 482 censura
624 429 780 480 reservata
797 437 805 492 ;
823 435 912 480 secus
925 417 950 478 si
962 435 1038 478 con·

62 511 154 574 cessio
166 512 252 572 tiata
269 510 360 590 Papo,
378 510 452 590 quia
475 527 565 570 casus
583 511 708 590 papales
724 516 799 570 sunt
820 508 1038 588 principaliter

61 601 201 662 reseruati
219 618 290 660 curn
303 602 436 660 censura
450 611 481 660 et
497 609 623 681 propter
637 615 818 661 censuram.
835 596 879 676 (S.
897 595 1037 676 Lignum,

62 689 101 750 ib.
117 689 146 759 7,
165 697 196 749 n⁰
214 688 297 770 tlt.)

100 777 183 840 rnre.
208 777 288 842 ll'otu
303 776 409 838 adbuc
433 775 517 856 quod
550 795 604 856 per
628 777 734 840 Consi.
763 776 1039 856 Apostolicoeseuts

62 867 184 930 sublatae
199 878 275 930 sunt
297 885 408 930 omnes
434 867 598 928 lacultates
626 866 789 946 generales
812 867 994 928 absolrenli
1021 885 1039 928 a

62 957 176 1020 casibus
192 957 226 1019 ll.
255 957 293 1020 P.
325 956 452 1038 speciali
473 956 568 1018 modo
588 956 765 1030 reservatis,
789 955 883 1017 salvis
907 955 1039 1018 indultis

62 1047 242 1127 specialibus
258 1045 366 1124 3unde
381 1046 485 1123 nnoarl
499 1063 590 1106 casus
606 1045 802 1124 hujusmodi,
817 1047 911 1106 etiam
932 1047 1038 1107 ocrul·

63 1146 115 1208 tos,
136 1135 281 1217 Episcopi
298 1132 425 1217 speciali
450 1135 592 1213 indigent
616 1132 772 1206 facultate,
799 1135 828 1195 in
852 1153 914 1214 qua
931 1143 1036 1196 tamen

61 1228 206 1304 excipitur
220 1243 313 1287 casus
333 1223 525 1285 absolventis
543 1224 730 1303 complicem
749 1227 779 1285 iu
797 1233 922 1300 peceato
940 1225 1036 1304 turpi,

61 1317 108 1396 qni
130 1315 198 1377 ideo
212 1314 444 1394 specialissimo
469 1313 563 1374 morlo
586 1324 759 1375 reservatus
782 1313 907 1374 licitur.
934 1314 1038 1374 Decla-

61 1403 130 1465 ratio
144 1405 173 1467 S.
191 1402 292 1467 Officii
308 1403 339 1464 d.
358 1400 395 1464 tl
408 1405 478 1480 jun.
497 1401 574 1464 1856
592 1415 621 1462 et
636 1401 654 1462 b
669 1402 760 1482 april.
783 1401 867 1462 1871.
881 1401 1040 1464 llemausit

61 1511 127 1554 aero
150 1495 282 1581 integra.
304 1511 342 1580 en
367 1494 436 1574 ipso
464 1501 552 1553 textu
580 1491 713 1554 Consul.
739 1490 920 1572 Apostolum
940 1491 1035 1566 Solis,

61 1581 181 1644 facultas
193 1583 357 1664 Episcopis
371 1603 387 1641 a
399 1579 540 1644 Concilio
553 1579 742 1641 l'rillentino
759 1587 843 1658 [sess.
859 1580 910 1654 tib,
928 1601 994 1659 cup.
1006 1588 1036 1660 6,

59 1672 93 1734 da
106 1675 171 1750 rel.)
184 1691 349 1748 muroena,
363 1669 547 1733 absolvendi
564 1670 719 1730 acasibus
734 1670 871 1742 occultis,
889 1670 922 1729 ll.
936 1670 956 1730 P
972 1671 1037 1733 sed

56 1763 228 1836 suppliciter
262 1771 386 1823 tantum
424 1760 601 1822 reservatis.
640 1757 714 1833 Quae
758 1759 889 1820 incultas
915 1759 1039 1839 respicit

57 1855 273 1934 delinquentes
287 1869 504 1933 quiscumque
521 1850 637 1912 eisdem
659 1849 812 1912 subditos.
825 1849 932 1924 Quoad
948 1868 1039 1914 cesus

57 1945 279 2018 nouoocultos,
296 1959 328 2002 re
340 1959 371 2018 pn
387 1943 465 2002 ritur
481 1939 655 2002 lnrluttum.

97 2031 177 2095 16:33.
199 2033 374 2108 [lucerinae
390 2029 412 2104 0
427 2047 522 2090 unam
540 2031 603 2090 sint
615 2047 705 2091 casus
716 2029 862 2090 reservati
879 2027 895 2090 ‘l

92 2120 177 2203 Resp.
196 2123 286 2184 Alios
297 2139 363 2182 esse
373 2118 404 2181 S.
420 2119 450 2181 P.
463 2133 644 2193 reservatos,
663 2119 740 2181 alios
753 2118 824 2181 rerb
835 2118 996 2201 Episcopis
1010 2119 1034 2184 ¹.

295 2263 385 2310 GASUS
404 2263 429 2311 Β.
452 2262 600 2311 Pomm
620 2263 794 2310 murum.

101 2369 145 2434 to
158 2391 307 2455 magnum
324 2393 485 2439 numerum
501 2385 693 2442 excreverant
711 2380 786 2442 olim
798 2400 886 2444 casus
900 2370 1030 2448 Summo

65 2459 196 2526 Pontifici
218 2467 362 2527 reservati
386 2485 393 2526 :
415 2479 524 2548 praeter
546 2470 628 2531 enim
650 2489 740 2532 casus
763 2471 859 2534 Bullae
878 2471 915 2534 ln
943 2475 1030 2537 Claud

66 2547 181 2613 Domini
188 2555 212 2628 ¹,
229 2556 247 2616 a
272 2555 383 2635 quibus
405 2557 489 2618 solus
514 2556 580 2638 lpse
600 2567 714 2638 poterut
729 2559 894 2635 absolvere.
911 2565 1027 2625 etiamsi

65 2649 155 2702 essent
168 2644 382 2706 tantummodo
398 2646 526 2722 occulti,
548 2649 633 2710 inulti
649 2648 698 2708 alil
721 2649 958 2711 recensebantur
977 2653 1029 2732 qui

66 2723 116 2806 legi
128 2741 252 2806 possunt
268 2749 319 2812 ap.
335 2733 367 2794 S.
383 2733 506 2813 Lignor.
523 2735 576 2796 lib.
596 2741 626 2806 Ἰ,
644 2735 682 2797 nl·
695 2739 754 2798 218
768 2743 840 2812 ete„
855 2737 929 2800 etin
945 2741 1028 2820 prio·

65 2813 140 2878 ribus
152 2819 281 2900 hujusce
294 2822 395 2896 operis
414 2823 608 2887 editionibus.

97 2906 162 2969 lam
176 2910 352 2972 monuimus
375 2929 463 2974 cesus
488 2933 549 2975 nnn
568 2933 635 2978 esse
649 2905 802 2977 ordinarie
824 2918 942 2982 Sanctia
956 2919 1026 2984 Scdi

63 3005 219 3062 resen-uos
232 2999 290 3061 nisi
306 3008 426 3081 propter
439 3018 601 3065 censuram
616 3004 689 3085 ipsis
703 3023 864 3072 annexam.

98 3085 344 3151 linirnadrcrtens
357 3097 457 3152 aulem
472 3091 623 3174 benignus
648 3112 684 3156 ae
697 3095 916 3159 illustrissimus
947 3101 1024 3179 Papa

60 3170 159 3234 Noster
169 3175 241 3240 Pius
254 3179 304 3250 tx,
320 3181 430 3240 multas
443 3187 557 3243 ueteres
569 3173 725 3257 censuras,
741 3185 918 3267 temporibus
930 3189 1023 3248 mori·

62 3257 160 3344 busque
172 3266 315 3343 mutetis,
335 3287 354 3329 u
367 3273 425 3348 fine
439 3273 645 3354 (sipunculis,
661 3271 696 3334 ob
708 3293 779 3353 quus
798 3275 942 3355 impositor
954 3275 1022 3355 lue·

87 3447 107 3498 l.
124 3447 183 3500 Cium
196 3465 247 3502 non
262 3451 366 3512 amplius
378 3453 459 3518 vigeat
476 3453 545 3506 Bulla
558 3456 584 3506 in
598 3455 674 3508 uuna
689 3457 796 3515 Domini,
816 3454 946 3505 terrenda
960 3459 1019 3504 sunt

62 3513 225 3580 dispositiones
245 3521 375 3575 constitut.
399 3527 547 3590 Apostolum
566 3527 638 3580 Seru
661 3530 743 3594 quoad
770 3529 882 3576 heresim
907 3531 931 3574 et
951 3525 1014 3574 aliut

64 3597 124 3641 utut
133 3593 237 3657 speciali
246 3597 321 3647 mode
331 3606 478 3658 reservatos,
497 3606 523 3647 ut
535 3598 631 3648 licetur
643 3599 668 3648 in
681 3598 717 3647 nl·
731 3597 901 3664 seqarentrbue.

905 3691 951 3747 ‘u
1024 3702 1028 3710 ·
