2522 3992
444 251 531 296 tinen
554 251 670 298 ramus.
987 235 1046 296 485

63 351 144 417 dum
159 350 333 414 solemniter
356 347 498 430 protessis
512 355 601 429 prout
615 367 647 410 se
670 349 747 431 gerit
765 365 837 411 oum
856 348 971 412 caeteris
985 351 1048 411 suis

67 441 261 504 dioecesanis.
1055 445 1057 450 ’

110 529 187 593 Vide
209 527 289 612 apud
310 525 453 590 Analecta
468 523 553 606 juria
570 524 695 608 pontif„
712 526 795 606 ianr.
815 524 1044 605 catenatam,

73 619 134 683 col.
151 623 228 680 2157
243 623 274 681 et
287 621 375 679 tt58.

112 711 203 771 2693.
218 709 319 782 7-111.
342 704 515 787 Requiritur
528 703 566 767 ad
582 704 800 766 Proiessionem
815 711 848 767 ut
862 705 1047 786 praecesserit

70 799 190 878 intonen
209 815 301 857 nanae
314 794 516 877 probationis,
537 800 570 856 ut
583 793 714 855 diximus
729 811 820 875 supra
833 795 941 872 (2647,
957 797 1046 873 eto),

70 887 131 948 nisi
146 885 268 946 obtenta
282 883 372 946 fuerit
383 881 566 964 dispensatio
580 883 597 943 a
612 883 643 944 S.
660 881 746 944 Sede.

114 973 372 1036 Proiessioautem
387 971 469 1034 nulla
484 989 519 1032 ex
534 969 592 1033 hoo
605 970 723 1033 deiectu
741 989 804 1033 non
826 970 943 1035 videtur
960 991 1047 1054 posse

71 1063 229 1126 revatidari
244 1081 281 1124 ex
300 1059 552 1144 permanentiam
567 1060 742 1142 Religiono‚
758 1059 788 1122 id
801 1067 845 1122 est
858 1079 912 1142 per
925 1061 1046 1123 tacitam

72 1151 291 1214 Potessionem.
316 1152 359 1212 tta
379 1150 411 1210 s,
439 1149 549 1230 Cougr.
578 1150 684 1224 Cano,
709 1149 741 1210 in
768 1153 859 1211 causa
885 1150 1044 1231 Praqensi,

72 1261 123 1323 ap.
141 1241 236 1302 Bouia
252 1237 469 1318 (delimatam,
486 1243 560 1299 tom.
577 1239 606 1312 t,
622 1257 653 1319 p.
669 1239 748 1315 628).

61 1375 71 1388 .
115 1332 164 1392 IV.
188 1331 228 1393 Ut
241 1327 293 1390 fiat
303 1345 374 1390 oum
394 1325 561 1389 intentione
574 1325 795 1388 professionem
812 1325 939 1390 faciendi
951 1347 959 1389 ι
972 1329 1047 1392 ratio

75 1424 167 1500 patet.

118 1509 154 1570 V.
175 1510 214 1570 Ut
227 1505 376 1569 Prosessio
398 1525 461 1568 non
484 1505 637 1568 emittatur
650 1504 689 1567 ob
703 1503 839 1568 fraudem
856 1524 910 1569 seu
923 1506 1045 1570 dolum:

79 1603 153 1658 tuno
166 1596 248 1658 enim
261 1595 377 1658 deesset
391 1612 568 1657 consensus.

117 1688 208 1768 2694.
223 1687 324 1746 -v1.
342 1685 379 1748 Ut
397 1703 458 1746 non
474 1682 525 1744 siat
538 1702 576 1745 ex
589 1684 616 1744 vi
635 1684 680 1746 vei
704 1689 786 1746 matu
801 1731 809 1761 ‚
823 1689 885 1746 tam
908 1703 944 1746 ex
966 1692 1048 1765 parte

77 1773 265 1855 profitentis,
281 1775 373 1854 quam
392 1791 429 1834 ea
449 1779 532 1854 parte
555 1773 727 1836 monasterii
751 1773 932 1856 acceptantis
944 1775 1046 1851 (Cone.

75 1863 223 1940 Trident.‚
238 1881 312 1924 sess.
327 1865 366 1925 25
378 1909 388 1940 ‚
402 1881 430 1924 c.
448 1865 505 1938 te,
520 1861 555 1923 de
571 1861 737 1943 liconiam).
754 1864 846 1924 Porro
860 1862 938 1924 vetut
952 1871 1049 1925 metus

77 1954 173 2033 gravis
187 1951 290 2014 haberi
303 1950 426 2013 deberet
444 1951 656 2024 incurcurum,
672 1951 884 2014 aiimentorum
899 1951 1047 2014 substrac-

78 2042 130 2115 tio,
144 2049 215 2118 etc.;
229 2041 361 2121 itemque
371 2047 468 2102 metus
482 2040 699 2116 revocaminis,
716 2059 777 2103 non
792 2042 915 2123 quidem
930 2060 961 2104 se
972 2041 1045 2120 solo,

78 2130 130 2192 scd
144 2129 304 2192 accedente
318 2147 459 2210 precum,
475 2128 687 2192 blanditiarum
701 2139 728 2192 et
744 2131 861 2212 imperii
877 2132 946 2213 saepi
952 2135 986 2192 irs
999 2149 1048 2194 rc-

78 2220 167 2301 petita
188 2219 430 2299 importunitate,
447 2224 498 2280 aut
518 2219 598 2299 gravi
619 2219 802 2294 offensione,
819 2229 868 2283 aut
883 2219 934 2282 diu
956 2222 1049 2282 conti·

80 2311 168 2370 nuatd
195 2307 402 2388 indignatione
429 2307 749 2388 consanguineorum,
779 2309 928 2388 adjunctis
959 2309 1048 2372 etiam

78 2397 168 2458 minis
182 2396 220 2458 de
238 2395 379 2459 subsidiis
399 2395 563 2476 negandis,
585 2396 610 2458 si
631 2415 666 2458 ex
680 2397 835 2478 Religione
858 2397 1045 2476 egrediatur:

78 2485 142 2548 haec
156 2486 254 2564 anim,
269 2483 315 2546 vei
328 2485 448 2566 singula
461 2485 506 2548 rel
520 2486 601 2548 certe
616 2485 706 2548 simul
726 2487 847 2565 juncta,
863 2485 1048 2548 considerata

79 2574 249 2637 conditione
275 2573 408 2636 hominis
434 2573 534 2650 rudis,
549 2574 645 2636 timidi
666 2621 674 2646 ,
699 2574 917 2636 professionem
934 2575 1049 2637 irritare

79 2669 206 2748 possunt
218 2668 340 2745 propter
351 2668 467 2724 metum
477 2661 760 2726 eainddincussum.
770 2664 800 2724 S.
812 2661 932 2742 Liguor.
943 2662 1004 2741 (tib.
1016 2668 1047 2740 t,

80 2755 114 2816 n⁰
128 2755 168 2832 7).

122 2841 265 2904 Protessio
279 2841 356 2904 facta
369 2844 499 2903 armeta
513 2839 622 2902 interni
636 2838 681 2901 vel
696 2839 801 2901 mortis
814 2839 971 2909 naturalis.
987 2861 1048 2905 non

80 2937 125 2994 est
139 2930 265 2992 invalida
275 2979 283 3006 ‚
293 2933 364 2994 cirm
380 2948 441 2991 non
456 2929 598 3012 procedat
611 2929 648 2991 ab
662 2928 838 2991 extrinseco.
854 2963 892 2975 -
906 2931 968 2992 Nec
981 2951 1048 3013 quae

81 3021 213 3084 dorotea
229 3027 311 3082 niatu
333 3019 437 3080 mortis
457 3019 610 3090 violentae,
626 3017 649 3080 si
674 3035 734 3079 non
755 3015 828 3080 toret
842 3019 873 3079 in
887 3019 991 3082 ordine
1011 3023 1047 3084 ad

80 3108 274 3173 obtinendam
289 3107 521 3170 Professionem.
537 3107 612 3168 Vide
627 3105 700 3168 inira
716 3109 825 3185 (5188).

121 3199 181 3259 vu.
203 3199 243 3260 Ut
262 3197 437 3258 emittantur
459 3197 598 3278 expresse
622 3203 653 3258 et
675 3195 886 3278 aequivalenter
904 3198 959 3260 tria
985 3209 1048 3263 eota

81 3285 296 3350 substantialia.
312 3285 387 3347 vide
400 3303 491 3367 supra
505 3285 617 3365 (2460).

121 3377 194 3436 viu.
217 3376 256 3437 Ut
281 3373 429 3437 Professio
456 3372 507 3434 fiat
528 3373 561 3435 iu
582 3374 684 3457 aliqua
709 3372 864 3454 Religione
886 3375 1047 3455 approbatt

82 3465 286 3548 (arctatam
303 3466 497 3540 asra-maa).

122 3554 171 3615 tx.
194 3555 234 3618 Ut
243 3551 392 3615 Professio
402 3553 616 3634 accepteturah
627 3551 755 3614 habento
768 3549 805 3613 ad
813 3548 842 3612 id
854 3555 1041 3636 potestatem3

83 3643 182 3716 (titt)
196 3648 226 3704 et
238 3641 315 3707 infra
328 3639 455 3706 dicenda
470 3642 578 3718 (arat,
594 3643 674 3715 eta).
