2534 3996
516 204 600 251 clara
620 204 737 250 minos.
1053 184 1111 242 343

146 323 157 360 a
183 299 268 361 sione
285 297 331 360 vel
354 296 454 377 aliqua
476 295 550 356 hort
574 295 720 356 canonica
745 293 882 356 nondum
904 293 1005 370 finita,
1030 293 1112 356 abire

143 413 158 450 a
183 385 375 468 compelli...‚
386 384 456 446 satis
465 383 521 445 erit
530 383 554 444 si
568 392 697 464 quatuor
711 381 748 445 de
758 382 893 464 Capitulo
906 400 976 444 curn
987 381 1111 444 domum

143 502 159 540 r
182 476 364 539 reducant.»
376 475 407 535 S.
419 474 529 553 Gongr.
545 471 618 548 titt,
633 475 671 534 23
683 479 769 533 mart.
783 471 1112 554 1592,apudGardell.,

145 561 289 644 n⁰21,in
302 561 529 645 supplemento,
547 568 622 622 tom.
639 565 668 621 7.

526 705 680 764 emerunt
694 705 728 764 ll.

196 819 264 874 ooro
285 818 448 865 carrrucnrr
469 817 602 864 rrrscoro
622 817 736 863 resurr
757 817 853 871 ouoro
872 819 1064 869 rrarnrnrr.

187 927 276 987 8895.
303 924 411 985 oGlrm
426 922 592 1003 Episcopus
605 921 668 983 vult
690 940 829 985 exercere
851 923 1049 1004 pontificalia,
1073 926 1117 988 in·

148 1035 164 1076 a
187 1013 251 1094 quit
260 1009 493 1086 Scarlantonius‚
503 1027 552 1091 ap.
565 1011 601 1071 D.
615 1009 708 1072 Bouix
718 1009 772 1090 (lle
783 1011 897 1093 Capit,
908 1032 939 1094 p.
952 1017 1022 1088 282,
1033 1019 1114 1092 etc),

148 1125 164 1164 a
187 1108 250 1164 tam
279 1101 310 1162 in
328 1097 461 1161 Ecclesia
487 1097 651 1161 cathedrali
670 1102 761 1180 quam
788 1099 819 1162 in
840 1100 925 1178 aliis,
955 1103 1117 1164 subminis-

148 1213 165 1252 ι
189 1188 295 1252 tranda
317 1194 405 1251 erunt
422 1189 440 1248 tr
458 1187 614 1250 Canoniois
633 1189 650 1248 e
671 1187 806 1250 sacristia
826 1186 1006 1252 Cathedralis
1027 1210 1118 1273 para-

150 1303 166 1342 s
192 1286 293 1341 menta
307 1295 409 1352 sacra;
425 1294 481 1338 nec
494 1283 612 1338 tenetur
626 1276 681 1338 sibi
695 1276 733 1339 de
747 1277 803 1339 illis
813 1277 984 1359 providere,
1000 1287 1034 1340 ut
1047 1299 1118 1342 cen-

151 1368 249 1432 a'suit
284 1369 315 1430 S.
349 1367 458 1447 Congr.
491 1364 677 1448 particularis
681 1411 741 1429 .....
769 1367 806 1427 Et
838 1366 916 1429 hanc
941 1369 1118 1432 sententiam

152 1482 168 1520 a
191 1454 538 1520 communitertenent...
551 1456 702 1526 Quatenus
711 1455 781 1516 nero
793 1455 930 1518 Sacristia
939 1457 1120 1520 Catlredralis

152 1569 168 1610 o
192 1565 253 1609 non
275 1544 399 1606 haberet
411 1543 544 1606 redditus
562 1541 741 1604 sufficientes
758 1561 813 1624 pro
826 1545 1034 1624 comparandis
1048 1565 1120 1626 prae·

153 1659 169 1697 a
192 1635 281 1698 dictis
295 1631 476 1715 paramentis
493 1637 524 1693 et
537 1649 592 1713 pro
610 1632 822 1694 restauratione
836 1633 986 1710 ecclesiae,
1003 1640 1121 1696 tenetur

154 1748 169 1785 r
193 1723 361 1805 Episcopus
379 1739 433 1803 pro
453 1724 559 1801 quarta
579 1725 663 1802 parte
685 1719 836 1782 fructuum
859 1739 922 1782 suae
941 1723 1072 1800 lllensae,
1092 1729 1121 1784 et

154 1835 170 1874 n
195 1809 295 1893 quoad
308 1809 457 1890 reliquum
473 1815 612 1871 tenentur
626 1809 812 1871 contribuere
827 1808 979 1871 canonici.
994 1831 1010 1868 o

196 1904 285 1962 8896.
307 1897 444 1960 Vicissim
459 1905 525 1979 post
535 1891 661 1959 mortem
676 1897 826 1979 Episcopi,
837 1897 1007 1978 Capitulum
1021 1899 1122 1961 Eccle-

156 1990 208 2052 siae
223 1986 404 2050 Gathedralis
418 1986 550 2068 plurium
564 1987 737 2048 utensilium
752 2005 904 2048 sacrorum
919 1986 956 2048 ab
971 1986 1020 2048 illo
1035 1989 1121 2050 relic-

158 2085 256 2139 torum
279 2074 481 2137 haereditatem
495 2075 576 2136 adire
590 2074 696 2146 debet,
717 2081 806 2156 prout
819 2093 916 2156 nuper
936 2073 1124 2138 confirmavit

157 2167 230 2228 Pius
242 2167 293 2242 lX,
309 2163 412 2225 litteris
426 2163 487 2226 suis
501 2163 670 2244 apostolicis
686 2163 760 2226 Caino
774 2162 851 2224 illud
858 2163 988 2245 plurimi
997 2209 1005 2233 ,
1025 2167 1038 2225 l
1054 2165 1121 2243 jun.

159 2259 247 2318 tart.
263 2253 385 2314 illorum
409 2253 595 2314 enumeratio
608 2251 700 2312 videri
715 2257 812 2333 potest
834 2270 883 2334 ap.
899 2253 936 2314 D.
961 2251 1056 2315 Bouix
1071 2253 1124 2332 (De

159 2341 318 2426 Capitulis,
334 2359 364 2422 p.
380 2342 449 2420 283)
464 2359 472 2400 ε
488 2341 677 2420 excipiuntur
690 2340 793 2400 annuli
805 2349 835 2402 et
843 2359 938 2402 cruces
951 2342 1122 2422 pectorales,

159 2433 249 2493 etlam
262 2450 326 2491 roan
340 2427 431 2490 socm's
444 2427 591 2508 reliquiis·
604 2437 632 2488 et
647 2428 684 2488 lis
698 2427 827 2489 mnnibra
843 2427 1013 2490 utensilibus
1027 2431 1124 2509 cnjus·

161 2521 205 2582 vis
227 2517 340 2600 pencris
359 2536 422 2599 pato
442 2515 572 2598 lepltz'me
581 2515 746 2598 probantur
764 2515 801 2577 ob
814 2517 968 2597 Episcopis
981 2516 1126 2596 destructis

162 2616 329 2690 comparato
353 2607 443 2687 fuisse
467 2605 546 2666 bonis
568 2605 608 2665 od
629 2605 792 2666 Ecclesiam
814 2624 870 2666 non
889 2605 1125 2686 pertinentibus;

162 2717 251 2780 neque
264 2703 373 2758 constet
387 2693 528 2757 Ecclesioe
540 2693 629 2774 fuisso
643 2692 778 2755 donato¹.

202 2791 289 2848 2297.
313 2783 437 2846 Praelata
450 2783 561 2846 decisio
571 2782 748 2864 applicanda
760 2788 803 2844 est
818 2782 997 2845 utensilibus
1011 2801 1128 2864 expen-
1148 2813 1151 2818 ·

163 2875 248 2936 sione
274 2873 416 2936 Gubernii
440 2873 636 2954 comparatis,
660 2873 771 2953 quippe
794 2889 829 2933 ea
852 2871 957 2952 pensio
982 2871 1128 2935 rationem

164 2963 299 3025 redditus
314 2961 504 3026 ecclesiastici
521 2959 633 3036 induit,
647 2968 682 3023 ut
698 2961 759 3039 jam
775 2959 905 3023 diximus
918 2964 1032 3043 (8860);
1049 2963 1128 3026 unde

164 3051 298 3115 heredes
321 3069 392 3113 casu
417 3069 477 3132 quo
499 3047 660 3112 defunctus
685 3048 870 3130 Episcopus,
895 3051 977 3112 nulla
999 3051 1130 3112 adhibita

165 3141 314 3217 cautione,
330 3142 346 3200 e
365 3139 437 3200 viris
454 3139 569 3201 ablatus
591 3143 685 3214 esset,
705 3155 753 3199 res
766 3137 936 3217 hujusmodi
951 3157 988 3201 ex
1009 3137 1131 3219 praelalo

166 3227 315 3310 stipendio
329 3229 505 3308 acquisitas,
521 3225 657 3288 videlicet
669 3236 864 3305 ornamento,
878 3245 947 3288 vasa
961 3245 1062 3300 sacra,
1079 3226 1131 3288 ba-

167 3321 269 3380 culum
280 3317 436 3397 pastorale,
445 3323 516 3393 etc,
526 3320 587 3378 tuta
597 3315 778 3376 conscientia
787 3317 913 3377 retinere
926 3334 984 3376 non
999 3321 1129 3396 possent,

168 3408 359 3486 quantumvis
380 3407 475 3486 alege
496 3404 572 3465 cirili
591 3404 664 3488 ipsis
680 3403 894 3468 concedantur.
915 3401 1000 3484 (tute
1015 3404 1129 3483 Bottia,
1217 3423 1218 3428 ¹

175 3495 213 3556 De
228 3493 393 3576 Capitulis,
409 3514 439 3577 p.
454 3495 538 3573 ast.)

201 3595 209 3631 l
226 3591 272 3642 sed
286 3601 318 3638 cx
330 3585 420 3635 titteris
436 3579 556 3630 Entitlartl
580 3575 648 3626 Urbis
663 3575 748 3623 l'icarll
777 3575 799 3622 d.
816 3573 937 3622 asstanti
954 3569 1022 3628 1888,
1035 3573 1143 3632 Epi-*copi

170 3661 355 3714 successoribus
373 3656 512 3715 relinquero
528 3650 618 3698 (lebant
647 3649 669 3695 S.
685 3646 768 3695 Crucis
778 3646 892 3705 reliquias
902 3642 928 3692 in
942 3641 1055 3690 crucibus
1067 3649 1146 3700 pecto-

172 3737 264 3788 ralibus
278 3731 386 3781 inclusas
402 3724 553 3790 (Concolor,
567 3718 637 3780 1888,
652 3733 676 3782 p.
691 3716 759 3778 885).
