2522 4028
171 169 230 234 aaa
390 182 529 230 annones
546 180 648 227 nomos
665 178 748 226 roam
767 173 917 223 enacarat.

212 278 349 342 Diximus
362 276 585 352 doctrinaliter,
601 282 631 339 et
651 291 713 338 non
725 272 921 354 iudicialiter;
935 290 989 337 seu
1002 289 1057 356 per
1069 290 1146 337 mo·

172 369 247 433 donn
266 367 461 448 expositionis
474 365 619 430 doctrinae
633 411 641 440 ,
656 371 688 427 et
699 380 760 427 non
776 379 830 444 por
842 361 967 424 modum
982 365 1151 426 auctorita·

173 459 229 534 tis,
244 455 350 520 saltem
364 474 435 538 erga
448 462 606 518 extraneos
619 471 673 516 seu
686 451 724 515 cd
739 451 965 516 Universitatem
981 469 1040 514 non
1052 451 1152 534 perti-

173 553 280 610 nentes
296 565 304 607 ε
323 547 429 619 «Quia
443 545 654 610 Universitates
669 541 781 604 nullam
793 540 1032 621 jurisdictionem
1047 542 1150 623 possi·

114 701 117 708 ,
174 658 191 696 n
214 635 287 699 dent
297 636 387 698 etiam
400 634 431 696 in
444 633 568 696 materia
580 631 734 702 doctrinm,
750 651 766 689 r
784 630 977 712 soliqueeam
992 630 1157 713 possident

175 723 328 806 Episcopi,
348 729 450 806 utpote
470 721 563 804 positi
574 720 593 782 ai
606 719 729 802 Spiritu
746 717 855 781 Sancto
867 737 967 801 repere
981 717 1156 782 ecetesiam

177 812 244 882 Dei.
261 847 301 859 -
315 810 389 874 Vide
403 814 565 874 Decretum
579 808 728 885 Gratiani,
742 806 811 871 dist.
829 811 885 884 tc,
900 808 932 870 in
947 807 1105 890 principio.

219 915 893 984 SecustamendicendumdeUniversitetihus
902 935 973 998 erga
987 935 1041 979 sua
1050 935 1154 980 mem·

179 1009 233 1074 bra
249 1029 256 1071 :
272 1008 299 1072 vi
312 1009 395 1072 enim
409 1007 632 1090 privilegiorum
643 1006 715 1089 ipsis
728 1009 745 1069 i
758 1005 835 1070 Sede
846 1006 1014 1088 apostolice
1022 1023 1157 1071 conces

180 1116 305 1173 sorum,
325 1096 486 1180 quamdam
502 1095 613 1158 habent
623 1094 861 1175 iurisdictionem
875 1097 907 1156 in
922 1113 1065 1177 personas
1078 1115 1159 1176 quae

181 1205 237 1250 suo
247 1184 545 1267 subsuntregimini,
562 1186 592 1247 in
607 1184 772 1247 Graduatos
782 1203 891 1266 nempe
904 1191 934 1247 et
946 1183 1159 1248 scholares.—

182 1275 256 1339 Vide
268 1277 302 1338 R.
317 1274 355 1338 dc
367 1277 423 1350 nt,
439 1273 652 1350 Institutione,
667 1281 741 1336 torn.
755 1277 785 1352 2,
797 1294 827 1356 p.
843 1277 913 1337 262.

222 1383 310 1442 etta.
327 1379 447 1452 Quaerit.
463 1382 494 1440 2⁰
509 1367 586 1451 Quid
596 1378 634 1440 sit
648 1363 905 1458 Universitasquae
920 1397 1002 1442 nunc
1014 1378 1045 1440 in
1056 1377 1160 1445 cattia

184 1468 489 1640 {tffgggtgs-Tvaletne
503 1466 640 1530 conicere
649 1466 759 1549 gradus
771 1467 932 1550 privilegiis
945 1467 1162 1598 ecclesiasticis

225 1673 316 1753 Resp.
332 1667 506 1752 Suppressis
520 1669 576 1730 sub
590 1667 651 1731 line
665 1667 764 1731 ultimi
777 1669 877 1732 saeculi
890 1669 1015 1734 diversis
1028 1671 1161 1738 Univer-

187 1759 322 1824 sitatibus
337 1777 405 1840 quae
423 1759 454 1819 in
471 1757 573 1818 Galliis
585 1756 657 1818 olim
679 1757 840 1830 florebant,
865 1759 997 1840 Napoleo
1020 1761 1050 1837 l,
1073 1779 1161 1825 anno

188 1853 280 1922 1808,
292 1847 413 1911 unicam
427 1853 455 1908 el
466 1845 636 1924 generalem
647 1845 773 1909 instituit
781 1865 834 1928 pro
842 1853 905 1909 toto
915 1848 1016 1911 Galliac
1027 1851 1162 1930 imperio

188 1935 434 2010 universitatem,
450 1933 499 1998 cui
520 1934 670 1996 commisit
683 1936 856 1996 universum
878 1935 1009 2010 Publicae
1024 1938 1160 2002 Instruc-

190 2025 278 2086 tionis
292 2021 504 2086 Ministerium.
521 2023 615 2084 Porro
628 2022 659 2084 in
673 2023 809 2104 quinque
824 2024 990 2088 Facultates
1000 2025 1161 2091 distributa

189 2113 245 2177 luit
265 2111 329 2176 brec
351 2129 427 2175 nova
450 2111 652 2189 Universitas‚
676 2113 791 2174 ratione
815 2111 959 2176 doctrinae
980 2113 1161 2196 endendae,

190 2219 324 2283 nempe:
340 2199 508 2277 Theolopioe,
523 2199 609 2264 laris
625 2199 742 2276 civilis,
763 2200 929 2276 Medicinae,
954 2202 1163 2270 Scienliorem

192 2290 389 2373 Pityaiaorum
399 2298 451 2354 aut
464 2289 752 2362 Mollemottcorom
768 2297 799 2352 et
812 2291 1006 2354 litteratim.

232 2401 357 2464 Ratione
371 2403 441 2464 vero
458 2399 738 2478 administrationis,
753 2399 784 2462 in
807 2403 845 2462 it
870 2402 1045 2468 Academias
1065 2404 1163 2472 divisa

193 2490 260 2568 luit,
281 2491 437 2574 inquibus
454 2489 543 2552 variae
563 2489 730 2552 Facultates
747 2488 877 2552 divorsas
891 2490 1040 2554 habebant
1055 2494 1162 2558 cathe-

193 2580 272 2642 dras.
284 2579 399 2644 Gradus
413 2579 497 2641 ineis
510 2577 775 2641 ncnconieruntur
790 2581 912 2642 nomine
923 2582 1163 2665 uniuscujusque

194 2668 370 2738 Facultatis,
385 2667 437 2731 sed
452 2668 582 2750 Magistri
599 2666 732 2728 Primarii
747 2667 998 2747 (Grani-Maiae)
1013 2673 1160 2735 Universi·

195 2757 262 2820 tatis
277 2775 285 2818 ι
301 2756 389 2819 hodie
403 2755 530 2819 Ministri
544 2759 631 2818 lnstr.
654 2755 738 2818 tuot.
761 2773 814 2818 seu
836 2759 936 2838 potiirs
958 2761 1161 2842 imperatoris.

195 2848 257 2910 Nec
277 2845 434 2922 Ecclesiae,
453 2845 543 2908 etiam
560 2863 615 2928 pro
635 2843 814 2926 theologia,
828 2845 881 2908 seri
902 2849 1053 2929 potestatis
1066 2868 1162 2913 secu·

196 2932 267 2997 laris
279 2934 452 2997 auctoritate
472 2933 601 3014 Magistri
624 2933 844 2996 instituuntur:
867 2935 947 2999 unde
969 2937 1162 3002 manifestum

196 3031 241 3087 est
255 3021 364 3106 gradm
374 3022 404 3084 in
414 3021 584 3099 hujusmodi
595 3021 759 3085 amoenits
767 3022 906 3086 obtentos
921 3026 1090 3090 nullatenus
1104 3029 1162 3110 pri·

198 3113 312 3194 oilegiis
326 3110 531 3174 ecclesiasticis
545 3109 602 3173 itui
617 3130 715 3192 posse.

237 3215 289 3275 Sat
301 3211 484 3293 stupendum
495 3211 586 3274 videri
602 3212 691 3275 debet
704 3216 984 3295 quonUniversitas,
996 3220 1057 3282 solt
1069 3241 1161 3286 saecu-

198 3297 251 3366 lari
263 3309 405 3383 potestate
418 3307 526 3376 erecta,
538 3301 652 3380 jussilti
667 3305 983 3394 arrogetThcologiam
994 3311 1089 3372 (locon
1104 3315 1120 3372 tt
1134 3323 1161 3375 et

200 3391 310 3473 padus
322 3389 508 3452 academicos
522 3390 551 3451 in
567 3391 624 3454 hic
633 3393 782 3455 Facultnte
795 3395 967 3459 conterendi
980 3417 989 3473 3
1005 3399 1163 3464 indubium

199 3479 282 3541 enim
294 3488 339 3540 est
352 3478 409 3541 hoc
422 3479 755 3553 esseanticenonicum,
766 3489 795 3544 et
808 3493 841 3544 ut
854 3485 912 3548 tale
925 3486 1014 3548 etiam
1028 3489 1067 3548 ab
1083 3491 1164 3571 Epis·

200 3568 283 3647 copis
297 3567 404 3629 nostris
413 3567 515 3630 haberi
526 3587 535 3642 ;
545 3585 602 3632 nec
612 3577 693 3632 caret
705 3571 838 3651 periculo
847 3591 903 3654 pro
916 3572 977 3637 lida
989 3575 1164 3656 hujusmodi
