2486 3984
198 199 257 260 660
424 215 564 262 uruntur
588 217 685 263 tonus
705 215 787 263 ruars
809 217 958 264 csxoxrcr.
1231 276 1238 321 1

197 335 211 372 r
237 320 373 396 tempus,
392 327 452 375 non
472 333 560 396 posse
581 315 767 378 Poenitentiae
786 321 1008 379 sacramentum
1030 317 1172 384 adminis
1234 324 1239 375 6

196 424 211 461 o
236 410 313 465 trare
332 409 413 464 extra
428 410 568 485 lampae,
589 404 633 466 0οἱ
647 405 757 477 lorum,
774 407 820 468 vel
836 424 933 487 genus
948 407 1170 490 praescriptum,

196 511 429 574 »quocumque
453 493 608 576 privilegio
636 494 726 556 etiam
750 493 780 556 in
807 495 868 556 vim
899 495 993 559 Bullae
1025 496 1174 564 Cruciotoe

195 603 211 642 s
236 582 408 645 nullatenus
422 583 629 664 suffragaturo.
645 605 660 642 a
679 585 709 666 8.
726 584 862 665 Lignum,
878 584 930 646 lib.
947 589 977 664 6,
994 595 1027 646 0ο
1039 590 1111 650 569.

236 676 327 736 6565.
352 675 490 734 Attamen
514 673 689 755 approbatio
711 672 776 735 dari
804 679 902 755 potest
923 674 962 736 ab
985 675 1172 754 Ordinatio,

195 760 285 823 etiarn
304 767 388 824 extra
401 762 555 844 propriam
570 761 725 824 dioecesim
739 763 901 838 existente,
920 764 991 846 quia
1005 767 1174 848 approbare
1232 768 1236 777 '

195 849 393 912 confessarios
407 859 451 913 est
465 857 550 913 actus
565 850 784 930 jurisdictionis
801 853 986 930 voluntariae,
1002 873 1071 936 quae
1090 866 1175 921 extro
1231 918 1237 947 Ι

87 1016 92 1026 .
194 939 376 1003 territorium
400 941 602 1004 communiter
625 941 755 1004 exerceri
780 949 886 1023 potest.
913 941 986 1005 Vide
1013 945 1174 1026 Ferreus,
1231 984 1237 1025 ς

195 1031 225 1090 x⁰
240 1029 440 1111 Approbatio,
461 1037 517 1093 art.
536 1035 565 1102 6,
588 1041 622 1092 0ο
640 1034 689 1094 89.
705 1029 803 1103 Unde,
820 1051 848 1093 v.
865 1050 908 1113 g,
927 1031 1097 1114 Episcopus
1117 1037 1175 1099 Os·

194 1117 299 1180 tiensis
314 1120 417 1181 Rome
430 1121 571 1194 existens,
584 1119 749 1201 approbare
764 1127 862 1202 potest
875 1120 1061 1183 sacerdotem
1075 1143 1176 1187 roma·
1232 1170 1237 1209 2

196 1225 270 1268 num
280 1226 334 1289 pro
348 1213 402 1270 sua
412 1209 531 1270 dioecrsi
547 1207 690 1284 Ostiensi;
703 1207 756 1270 sed
769 1207 836 1269 talis
851 1208 989 1271 sacerdos
1000 1227 1061 1272 000
1073 1231 1175 1292 posset
1232 1224 1237 1245 ¹

195 1295 874 1368 RornaeaudireconfessionescivisOstiensis.
891 1297 1175 1378 quiaillesacerdos
1233 1332 1238 1379 ;

196 1383 1174 1474 dumllomaecommoraturnonestullomodosubditusEpiscopi
1232 1388 1239 1491 p

197 1473 351 1548 Ostiensis,
367 1482 397 1536 et
411 1478 592 1558 supponitur
607 1493 668 1538 non
683 1475 867 1557 approbatus
880 1475 920 1537 ab
938 1475 1097 1540 ordinario
1115 1482 1174 1542 tto-

195 1579 272 1636 mae,
297 1571 387 1644 prout
404 1571 450 1626 est
473 1570 678 1627 necessarium
697 1566 782 1645 juxta
796 1564 976 1647 supradicta.
1003 1567 1172 1648 (Ferraris,
1231 1590 1237 1605 ·

194 1649 282 1730 seta.)
1231 1642 1238 1759 i

235 1745 324 1804 6566.
356 1764 372 1802 r
393 1743 439 1805 66
464 1741 712 1826 approbationem
733 1761 796 1805 non
819 1743 988 1806 necessario
1009 1745 1174 1828 requiritur
1232 1764 1239 1833 p

193 1851 209 1891 r
234 1851 414 1908 examen...;
429 1842 457 1894 et
468 1833 605 1914 quamvis
616 1833 783 1916 Episcopus
796 1834 915 1895 interne
930 1835 1085 1915 reprobet,
1096 1837 1177 1901 valet
1232 1846 1238 1881 ¹

193 1941 209 1979 a
237 1930 361 1982 externa
384 1921 559 2002 approbatio
582 1922 618 1982 ad
640 1921 881 2001 iurisdietionem
902 1922 1172 1986 conterendam.»
1231 1950 1237 2021 Ι

195 2009 226 2070 S.
244 2009 378 2090 Liguor.,
401 2011 451 2071 lib.
477 2014 507 2086 6,
536 2019 568 2070 n⁰
597 2013 667 2072 565.
686 2013 876 2074 -Possunt
897 2019 1010 2074 tamem
1038 2015 1177 2077 examini
1232 2024 1237 2033 “

194 2097 299 2178 subjici
315 2099 405 2160 etiam
420 2099 583 2160 lectoresin
595 2099 761 2182 theologia,
777 2101 998 2164 examinatores
1011 2101 1177 2182 synodales
1241 2162 1242 2169 ,

194 2195 223 2265 et
237 2187 390 2267 graduali,
406 2189 598 2268 quantumuis
618 2189 690 2252 0660
709 2191 838 2272 exempti
851 2239 859 2262 ,
878 2189 930 2253 006
945 2191 983 2252 06
997 2189 1177 2270 hujusmodi

194 2277 332 2338 examine
347 2276 434 2340 decet
449 2278 641 2340 utordinarie
653 2279 834 2341 eximantur.
845 2277 997 2360 (Ferraris,
1008 2288 1038 2344 v⁰
1051 2283 1176 2364 Appro·

195 2363 353 2442 dotio,art.
371 2371 400 2442 6,
418 2377 451 2429 00
466 2371 530 2447 tr.)

247 2477 263 2515 0
288 2457 457 2538 Episcopus
482 2463 604 2538 peccat,
630 2457 655 2519 si
679 2456 825 2520 secerdoti
853 2458 1020 2540 praesertim
1041 2460 1180 2540 regulari

192 2565 207 2602 r
232 2543 356 2622 idoneo,
372 2547 437 2608 sint
458 2549 550 2608 causa
566 2545 723 2608 sufficienti
739 2553 830 2628 neget
846 2547 1142 2629 approbationem...
1158 2572 1176 2608 a

192 2635 343 2710 Sancbez,
359 2636 439 2716 apud
454 2637 485 2698 S.
504 2637 637 2714 Liguor,
653 2636 704 2698 lib.
721 2639 751 2708 6,
768 2639 803 2697 n⁰
816 2640 886 2700 556.

232 2729 321 2788 6567.
346 2726 518 2788 Inconsulta
545 2725 622 2788 8060
647 2725 840 2806 apostolica,
870 2726 975 2809 nequit
1000 2726 1179 2810 Episcopus

191 2833 298 2877 omnes
312 2815 403 2878 simul
418 2815 508 2877 unius
525 2817 693 2877 movemus
707 2815 860 2896 regulares
873 2816 912 2878 ab
925 2809 1179 2880 006600660ωο-

191 2902 372 2966 sessionibus
381 2904 567 2986 suspendere
575 2922 667 2966 :onec
680 2902 852 2967 confessarii
864 2905 1017 2986 regulares
1027 2905 1178 2987 restringi

191 3013 206 3052 0
230 2991 343 3055 debent
355 2993 393 3056 ad
408 2993 485 3057 duos
507 3011 563 3074 pro
585 2993 719 3075 qualibet
741 2993 885 3056 ecclesia:
906 3015 922 3052 0
944 3001 1015 3056 sunt
1040 2995 1180 3075 ipsamet

190 3080 280 3144 verba
294 3083 326 3145 S.
351 3081 580 3165 Congu-Vide
600 3085 635 3145 ll.
661 3082 777 3160 Bouix,
796 3082 840 3144 De
860 3081 1023 3165 Episcopo,
1038 3088 1120 3146 tom.
1137 3088 1175 3154 2,

190 3189 221 3252 p.
237 3175 307 3234 656.

231 3265 319 3324 6568.
335 3260 446 3324 Dicunt
459 3259 560 3342 plures
573 3261 821 3342 approbationem
835 3259 928 3322 semel
942 3259 1178 3324 0600106000-

190 3370 304 3414 cessam
321 3371 382 3414 000
404 3369 491 3432 posse
505 3351 636 3413 revocari
651 3352 766 3432 absque
785 3355 876 3412 causa
897 3351 1076 3412 rationabili.
1099 3373 1118 3410 a
1135 3356 1179 3412 xt

189 3463 203 3499 0
228 3441 307 3502 6000
321 3441 497 3521 opinionem
511 3441 559 3502 vix
574 3441 604 3502 in
621 3439 702 3522 praxi
718 3440 903 3521 probabilem
922 3457 1052 3516 censeo,
1069 3439 1180 3519 inquit

187 3550 204 3589 a
229 3531 260 3591 S.
285 3530 407 3610 Liguor.
425 3529 489 3609 (lib.
506 3534 543 3609 6,
560 3533 594 3591 0ο
614 3533 702 3608 656),
717 3529 789 3611 quia
805 3529 949 3608 injustitia
967 3529 1179 3591 revocationis

188 3638 204 3676 ι
228 3616 352 3680 deberet
364 3636 430 3682 esse
444 3617 511 3683 luce
524 3617 650 3696 clarior,
664 3623 697 3682 et
713 3617 818 3681 abesse
836 3615 1052 3700 quodcumque
1065 3615 1178 3680 hallu·
