2528 3996
220 231 279 296 tuo
438 247 577 297 ιιιιιιιιιιι
596 243 697 297 rorros
715 251 797 298 auara
818 248 964 300 canonici.

220 345 322 428 glosas
342 345 439 410 attulit
452 346 551 430 primo
573 348 757 412 monasterio
770 348 809 410 ab
832 347 889 412 istc
906 351 1029 414 retineri
1050 359 1201 436 possunt3

221 453 332 517 neque,
360 435 476 517 inquit,
500 437 518 498 tt
543 435 677 500 seeundo
696 436 809 519 opponi
832 447 928 520 potest
949 440 1005 502 sibi
1027 461 1204 526 onerosum

220 523 353 586 tutorum
367 543 433 588 esse
448 524 620 606 religiosum
635 527 659 588 si
677 526 791 608 absque
806 526 894 590 imnis
907 529 986 611 apud
1001 549 1035 594 se
1047 541 1204 612 transeat,

219 614 289 694 quia
305 614 389 676 illum
404 613 509 696 recipit
523 614 615 677 libere
629 623 659 676 et
677 633 738 678 nnn
753 619 875 693 eoactt3
892 621 1077 684 contrarium
1096 633 1203 688 tamen

219 701 274 764 luit
288 702 441 779 decisum,
457 711 594 785 utsupra
613 701 746 767 diximus
768 707 882 786 (arete
902 707 969 770 vide
989 712 1082 772 etiam
1107 733 1204 798 supra

218 793 325 869 (2739,
341 796 437 868 utto,
459 796 549 874 eret)
565 797 596 854 et
609 793 642 854 Ρ.
659 793 830 872 Gautrelet‚
854 802 928 858 tom.
947 801 985 875 1,
1001 817 1031 882 p.
1048 804 1134 876 30⁴,
1152 807 1202 886 qni

219 878 299 942 idem
322 883 413 943 sentit
434 898 470 943 ac
492 882 528 943 R.
554 880 592 944 de
617 883 658 944 M.
688 900 744 964 pro
766 901 839 947 casu
866 884 919 948 ulti
946 885 980 948 tit
1001 891 1155 955 transitus
1168 893 1202 955 ad

219 970 435 1032 monasterium
449 969 551 1031 minus
564 969 609 1032 vel
624 972 881 1053 aqueductum,
896 982 928 1037 et
949 974 1021 1038 item
1043 997 1104 1060 pro
1130 1001 1201 1049 oesu

218 1057 249 1117 in
270 1075 332 1138 qno
355 1056 495 1120 monialis
516 1062 682 1140 spontanee
709 1063 927 1126 monasterium
949 1065 1110 1149 egreditur
1136 1071 1187 1148 (it.

256 1237 346 1298 31011.
369 1235 586 1302 Constitutione
601 1241 655 1304 sut
674 1244 712 1303 13
730 1241 832 1324 aprilis
847 1247 940 1320 1111,
965 1245 1057 1328 incip.
1083 1250 1201 1313 Pastor

217 1320 321 1393 donus.
348 1323 413 1388 lraee
432 1335 532 1391 statutt
554 1329 707 1392 Benedict.
727 1333 794 1394 xlv
821 1332 900 1395 circa
920 1335 1065 1412 ltlajorem
1090 1339 1197 1404 Poeni-

216 1411 410 1476 tentierium:
430 1417 557 1489 «Quoad
572 1421 729 1482 transitum
744 1422 814 1482 verd
826 1421 865 1483 de
879 1426 940 1484 unt
953 1424 990 1485 ad
1006 1425 1097 1488 aliam
1115 1433 1196 1492 ileli-

217 1523 232 1560 a
256 1504 397 1584 pionem,
418 1523 479 1567 non
494 1509 593 1571 solum
607 1509 702 1571 valeat
717 1509 801 1572 illum
820 1513 988 1578 concedere
1002 1518 1019 1575 1
1035 1517 1145 1581 laxiori
1161 1522 1197 1584 ad

218 1612 233 1650 r
258 1594 434 1670 arctiorem,
447 1595 532 1675 juxta
546 1616 612 1679 cap.
629 1599 737 1668 Licet..
749 1597 784 1660 de
806 1601 962 1684 deputer..
979 1609 1082 1666 vertam
1098 1610 1196 1672 etiam

217 1703 231 1738 a
255 1683 293 1744 nd
305 1684 468 1766 aqualem.
484 1692 514 1747 et
527 1686 565 1748 ab
574 1687 693 1748 arctiori
708 1688 745 1749 ad
757 1689 916 1767 laxior·em;
932 1691 1074 1772 obinstas
1088 1703 1194 1761 tamen

217 1794 231 1828 ι
256 1779 286 1834 et
300 1791 404 1852 graves
417 1777 581 1856 respective
594 1793 718 1852 caums,
741 1777 780 1839 ab
794 1779 902 1841 eodem
916 1781 1020 1860 marjan
1036 1785 1194 1850 Poeniten-

216 1885 231 1918 n
254 1861 341 1924 tiario
354 1862 539 1945 probandas,
558 1865 661 1928 audito
674 1867 758 1948 prnis
773 1867 934 1949 Superiore
944 1871 1064 1934 Ordinis
1078 1877 1095 1934 a
1116 1895 1191 1956 quc,

215 1973 230 2007 a
255 1958 284 2012 et
302 1969 372 2014 cum
393 1969 543 2015 consensu
559 1954 729 2036 Superioris
742 1957 862 2020 Ordinis
875 1957 912 2020 ad
927 1977 1019 2041 qrram
1033 1959 1190 2028 faciendus

215 2061 230 2095 ι
254 2047 299 2101 est
315 2041 495 2103 transitus...

253 2150 268 2186 n
294 2129 406 2189 Verum
421 2129 569 2192 abstineat
587 2131 626 2193 ab
648 2131 821 2212 hujusmodi
843 2137 970 2200 transitu
992 2140 1190 2208 concedendo

213 2238 228 2272 a
253 2215 288 2278 ad
303 2216 376 2278 alias
386 2215 556 2298 Religiones
570 2237 623 2282 seu
637 2222 780 2290 Ordines.
792 2232 991 2306 praeterquam
1002 2227 1039 2289 ad
1056 2229 1124 2294 illas
1137 2253 1189 2298 sen

213 2329 228 2362 a
253 2304 319 2367 illos
334 2305 365 2367 in
379 2305 489 2387 quibus
502 2307 670 2373 claustralis
682 2319 713 2373 et
726 2312 871 2394 regularis
883 2313 1074 2383 observantia
1087 2325 1189 2405 rigere

213 2418 228 2453 a
252 2394 483 2477 dignoscatur...

250 2507 267 2545 a
291 2485 463 2549 concedere
477 2485 579 2550 itidem
590 2489 684 2571 possit
695 2491 892 2557 transitum...
908 2495 1104 2576 monialibus,
1120 2507 1188 2564 ten-

211 2577 316 2638 ntum
339 2575 418 2638 ultra
443 2585 561 2639 orontes
587 2578 802 2660 existentibus,
831 2582 963 2664 legitime
985 2601 1189 2654 concurrente

211 2688 225 2724 a
251 2669 358 2742 cause,
370 2665 400 2728 in
415 2665 569 2747 signatura
577 2666 766 2732 discutienda
775 2677 806 2733 et
814 2673 1008 2754 approbanda
1024 2723 1033 2752 ‚
1047 2683 1188 2744 commit·

211 2777 225 2814 a
250 2755 342 2818 tendo
356 2762 457 2818 tamen
472 2754 643 2818 facultatem
658 2757 830 2838 huiusmodi
846 2765 989 2827 transitus
1006 2765 1186 2833 admittendi

210 2867 225 2914 a,
250 2853 279 2909 et
292 2845 460 2927 exequendi
480 2845 602 2908 arbitrio
625 2847 797 2932 Ordinarii,
820 2869 892 2928 cum
909 2853 1052 2918 clausulis
1072 2877 1187 2942 oppor-

210 2956 225 2994 r
248 2937 330 2997 tunis
343 2953 398 3016 pro
409 2953 535 2997 casuum
549 2936 699 2999 varietate.
715 2959 731 2997 a

248 3027 337 3086 3101.
361 3027 500 3086 Attamen
520 3023 642 3106 praelata
665 3027 784 3093 licentia
806 3032 931 3096 concedi
956 3037 1062 3098 Romae
1086 3043 1181 3109 solet,

208 3113 269 3175 sive
283 3130 337 3194 per
350 3111 499 3194 congreg.
515 3113 655 3198 Episcop.
670 3124 701 3179 et
714 3119 869 3202 Regulam,
883 3124 945 3202 sire
963 3142 1017 3206 per
1030 3125 1180 3211 Congreg.

208 3201 335 3272 Concil..
346 3201 407 3262 sive
415 3219 468 3282 per
478 3203 599 3265 Sacram
609 3207 874 3274 Poenitentiarinm.
886 3213 960 3276 Vide
968 3216 1064 3296 apl).
1072 3216 1181 3296 Bonis,

207 3291 253 3354 De
268 3289 422 3372 Reperiam,
437 3299 511 3353 torn.
527 3297 563 3372 2,
578 3313 608 3376 p.
620 3299 681 3359 333

246 3383 335 3442 arne.
358 3379 447 3443 Solus
461 3383 541 3464 Papa
555 3386 721 3450 concedere
735 3395 833 3471 potest
855 3397 888 3455 ut
902 3393 971 3475 quis
984 3395 1002 3456 3
1015 3401 1096 3460 satu
1109 3416 1186 3462 oon-

205 3487 360 3533 versorum
374 3469 413 3534 ad
425 3471 605 3535 clericorum
619 3483 729 3539 statum
745 3480 821 3542 intra
835 3483 973 3544 eamdem
990 3487 1184 3566 ltelipiunem

204 3563 345 3622 transeat.
358 3560 504 3624 ilicenim
514 3563 842 3633 transitustCtemente
853 3571 955 3634 Vlllet
974 3573 1098 3638 Urbano
1114 3579 1184 3644 Vlll

205 3647 373 3734 prohibitus
389 3647 462 3732 luit,
484 3651 601 3714 etiamsi
623 3657 758 3720 conversi
781 3653 880 3723 adhue
893 3659 953 3724 sint
966 3662 1046 3726 intra
1059 3683 1181 3732 annum
