2522 3992
427 287 513 334 erum
534 287 651 335 enixus.
974 271 1030 336 oti

57 389 127 452 sino
142 391 210 448 voto
228 393 381 448 teneretur
398 384 530 446 obedire.
548 387 589 446 ite
603 384 774 448 Salmantie.
796 403 845 468 ep.
863 387 894 448 S.
910 385 1030 464 Liguor.

59 477 124 556 xiiix.
135 479 166 543 4.
183 483 217 536 n⁰
231 477 297 550 46);
314 475 415 556 piures
429 481 529 536 temen
542 472 647 536 dieunt
660 474 784 536 unicum
798 481 872 536 tune
888 475 1033 538 committi

61 573 220 648 peceatum
235 571 450 626 eontrnvotum
461 561 574 642 (ibium
591 561 652 624 imo
659 563 785 641 juxtaP.
797 563 1034 634 Goutreietmeii·

62 671 167 734 grosus
181 650 359 714 inobediens
371 669 432 712 non
447 669 566 734 semper
579 658 683 713 eontra
695 658 800 713 votum
817 669 906 714 suum
919 659 1033 734 peceat.

65 741 142 804 Vieie
156 739 232 802 iufra
245 739 374 802 dicende
388 742 488 818 (3017,
499 742 598 816 3018).

104 833 195 892 2802.
211 830 372 892 Peccatum
385 837 486 891 eutem
495 827 623 909 religiosi
634 827 833 892 inobedientis
846 835 890 892 est
899 833 1035 911 mortale,

67 919 112 980 uel
141 916 270 994 reniale,
291 925 343 980 out
371 917 489 980 nulium
516 916 685 979 seeundum
712 917 867 980 materiem
890 926 920 981 et
932 920 1038 990 ¹volun·

65 1015 158 1068 tutem
183 1007 393 1088 precipientis,
413 1006 464 1088 qui
478 1013 579 1088 posset
598 1025 659 1068 non
682 1005 793 1068 hebere
806 1007 943 1070 animum
961 1011 1036 1072 obli·

67 1095 172 1177 genitu
184 1113 239 1158 neo
252 1094 360 1158 suflicit
374 1095 456 1176 quod
472 1093 613 1176 Superior
620 1095 773 1176 precipiet
785 1094 913 1159 dieendo
923 1116 931 1158 ε
936 1099 1036 1179 jubeo,

65 1185 221 1266 precipio,
237 1191 285 1246 eto
301 1184 377 1260 ‚nisi
388 1183 488 1261 addet,
498 1202 526 1245 v.
542 1203 585 1263 ge
601 1183 633 1243 in
645 1183 798 1245 nomieeJ.
815 1183 864 1260 6.,
881 1185 914 1246 in
927 1187 1039 1250 uirtute

69 1283 177 1335 sennenn
193 1271 373 1346 obedientie,
396 1273 449 1333 sub
465 1273 552 1354 poenei
573 1273 892 1349 excommonicationis,
911 1283 967 1338 eto.
987 1279 1039 1338 Est

68 1361 218 1426 sententia
238 1361 427 1440 eommunis,
446 1361 546 1444 inquit
558 1363 621 1423 ot).
640 1361 764 1424 Bourier
784 1361 936 1442 (iupvtde
949 1367 1038 1428 etiem

72 1453 109 1514 D.
128 1451 219 1513 nutrix
234 1450 301 1530 (ile,
315 1457 379 1512 tom
393 1455 423 1524 2,
434 1470 465 1533 p.
482 1454 557 1522 428,
573 1452 654 1530 eto).

113 1547 200 1600 term.
230 1541 391 1622 superior,
419 1539 467 1603 eui
495 1539 639 1620 regularis
665 1539 787 1602 obedire
812 1545 949 1618 tenetur,
979 1563 1039 1608 non

73 1634 189 1692 tuntum
203 1639 243 1690 est
261 1631 402 1693 t'retetus
416 1629 573 1710 regularis,
587 1629 738 1691 sedetiam
754 1631 785 1692 S.
797 1631 947 1710 Pontifex,
968 1635 1039 1696 Con

73 1721 208 1800 perpetio
223 1721 376 1798 tinguitur„
393 1720 558 1799 Episcopus
572 1718 603 1778 in
623 1717 658 1781 iis
674 1718 706 1779 in
720 1717 831 1801 quibus
845 1719 939 1802 ipsius
953 1723 1039 1803 juris·

72 1807 196 1870 dictioni
225 1805 396 1871 subduntur
414 1809 460 1886 (S.
485 1808 618 1887 Lipuor.²
639 1805 690 1869 lib.
710 1813 742 1884 t,
768 1809 802 1870 n⁰
815 1810 874 1886 51).
899 1812 1042 1876 Moniales

78 1896 242 1958 extruxisse
251 1895 373 1956 obedire
385 1903 522 1958 tenemur·
536 1896 626 1957 etiem
637 1895 668 1957 in
683 1897 1042 1964 eonscientiuseeundirm

75 1985 225 2066 regulum,
241 1992 324 2062 Juxta
337 1985 515 2046 sententiam
529 2002 621 2064 utram
639 1987 670 2047 S.
685 1985 805 2068 Liguor.
829 1987 963 2053 obsolute
978 2010 1044 2073 pro·

77 2075 251 2136 botuliorern
268 2072 378 2146 iudicet
394 2072 459 2148 (tib.
475 2077 506 2150 4,
524 2077 632 2150 [1059).

116 2165 205 2224 2804.
231 2163 300 2223 tine
313 2161 514 2223 obedientiam
536 2165 566 2223 in
585 2163 725 2245 religioso
745 2168 943 2232 neeessariam
958 2187 1043 2251 spee-

77 2259 138 2314 tant
154 2269 162 2312 :
177 2249 282 2332 quunt·
292 2251 361 2312 rer-o
374 2250 575 2312 oiroelientiam
591 2255 752 2334 perlectum
765 2255 803 2317 ad
816 2275 909 2338 quem
922 2259 1045 2323 tendere

78 2338 164 2402 delet
174 2340 273 2400 omnis
283 2339 427 2416 reputaris
437 2339 488 2420 qui
499 2357 584 2402 ueros
597 2341 627 2403 in
640 2343 746 2405 virtute
759 2363 936 2426 progressus
949 2346 1045 2410 fecere

78 2429 175 2510 eupit,
192 2429 285 2490 muita
299 2430 356 2490 ntia
370 2428 580 2509 requiruntur:
596 2429 634 2492 de
648 2432 757 2513 quinus
770 2434 867 2513 egitur
880 2437 1045 2516 praesertin.

78 2517 156 2601 apud
171 2519 325 2579 usutieus.
341 2516 415 2578 Vide
432 2517 546 2593 Bouix,
563 2517 618 2595 iu,
634 2539 665 2600 p.
681 2523 826 2583 nouom.

119 2609 208 2669 tuot.
233 2604 458 2669 obseruandum
481 2605 530 2668 hie
551 2605 699 2689 imprimis
726 2615 793 2688 post
824 2611 996 2675 Suerezium
1018 2624 1047 2678 et

80 2714 150 2758 eum
167 2700 252 2757 tuine
265 2694 424 2775 (inutreiot
441 2701 515 2756 tom.
527 2699 556 2769 2,
573 2715 603 2776 p.
620 2700 676 2758 26:
692 2698 781 2768 «Quo
795 2699 823 2762 le
837 2699 978 2780 religieux
994 2723 1047 2785 par

80 2809 96 2844 o
121 2803 151 2847 sn
165 2783 327 2866 profession
338 2829 345 2852 .
358 2801 398 2845 ne
412 2784 552 2864 s'engage
566 2803 620 2868 pes
632 2787 649 2846 it
663 2787 827 2870 nocomplir
840 2787 883 2851 ies
895 2807 1048 2856 commen-
1100 2839 1104 2850 .

82 2897 97 2932 n
120 2873 256 2934 tierrreuts
269 2871 307 2934 de
324 2872 397 2934 Dieu
415 2873 559 2953 nuxqueIs
575 2872 592 2933 ii
607 2866 652 2935 est'
664 2873 731 2953 deje
743 2881 815 2940 tenu
830 2895 949 2940 eomme
962 2880 1047 2946 ehre-

84 2986 99 3022 o
125 2963 181 3036 tien
192 2982 201 3036 ·,
213 2959 231 3022 it
248 2959 346 3022 nosoit
360 2979 413 3043 pes
426 2979 493 3023 xmo
509 2978 571 3022 non
584 2962 652 3044 pius
664 2963 779 3031 d’obe'ir
792 2967 809 3028 o
823 2965 959 3048 rugoso,
974 2972 1048 3036 oses

85 3078 99 3108 o
124 3049 313 3124 demultum,
339 3051 356 3111 t
377 3067 425 3112 ses
450 3049 523 3130 tois,
544 3053 561 3112 ὲ
585 3069 632 3114 ses
654 3051 788 3132 deerets3
809 3055 829 3118 il
848 3075 868 3138 y
886 3065 931 3120 est
950 3059 1048 3143 oblige'

84 3163 99 3198 s
123 3156 241 3202 comme
254 3137 388 3200 chronon
405 3159 412 3199 :
432 3137 496 3200 etii
515 3139 644 3219 n'njoute
659 3160 711 3224 pes
724 3142 907 3227 l’obligotion
926 3147 968 3212 du
981 3169 1047 3215 voeu

84 3255 101 3293 n
121 3230 226 3294 oceno
238 3229 289 3310 uui
305 3227 380 3292 tolie
393 3228 472 3310 de'jo.
486 3250 503 3290 ι

124 3323 201 3384 Sunt
210 3318 400 3400 nelhuopiure
410 3318 539 3382 dicendo
550 3320 663 3402 quaeud
673 3321 874 3388 obedientiam
888 3326 1047 3406 pertinent,

85 3410 137 3473 sed
158 3426 227 3491 quoe
245 3408 445 3490 opportunius
457 3407 664 3491 expendentur
676 3413 830 3476 treotendo
848 3413 887 3476 de
904 3416 1049 3497 regimine

87 3497 291 3578 religiosorum
305 3499 407 3575 (2867,
421 3498 503 3574 otu).
