2522 3992
471 268 557 316 unm
579 267 697 316 rnruus.
1009 247 1069 311 tes

97 363 198 427 diendl
214 364 385 445 hujusmodl
406 365 631 430 translationem
646 366 786 450 expresse
800 365 977 429 contineret.
994 362 1070 425 Vide

98 454 194 516 Bouix
210 454 269 536 (Be
283 454 436 537 Repular„
454 464 528 519 tom.
545 459 559 518 l
573 505 581 534 ,
596 476 627 539 p.
643 455 924 533 enecent—uuio
937 459 982 516 est
999 453 1070 534 quie

97 543 251 606 translatio
267 563 327 606 non
341 551 386 606 est
400 547 519 627 proprie
533 545 655 608 erectio.
672 547 714 608 lta
727 543 862 607 decisum
876 546 893 604 lt
908 544 939 606 S.
955 543 1067 622 Congr.

98 632 199 714 Episc.
214 640 244 695 et
259 632 380 712 degui,
395 637 434 696 29
447 641 523 716 sept.
545 638 633 698 tout.
651 633 727 696 Vide
741 633 832 696 etiam
847 629 961 702 instit..
979 631 1015 692 lt.
1030 627 1071 695 de

99 717 151 800 bl,
167 725 284 802 parad,
299 719 351 784 lib.
368 723 384 784 l
398 769 406 795 ‚
422 741 489 804 cap.
503 726 522 784 Ξ
535 771 542 798 ,
558 722 576 802 §
589 727 618 785 3.

480 850 635 912 PUNCTUll
655 853 689 912 ll.

101 967 142 1014 tlt
160 966 201 1014 ab
227 967 295 1015 lllll’l
322 965 490 1014 conclurus
514 967 702 1014 euucrtobtttt
728 965 917 1020 nuoututruu
946 964 1070 1014 uelscort

506 1057 653 1102 ticenum.
746 1061 747 1066 ’

141 1169 231 1228 estc.
253 1165 334 1230 Licet
353 1164 417 1246 jam
435 1163 582 1228 habeatur
601 1165 828 1250 Beneplacitum
848 1167 1069 1250 Apostolicum‚

101 1255 269 1318 necessaria
275 1263 321 1317 est
331 1255 578 1337 insuperlioentie
586 1257 808 1338 Episcopi‚niai
819 1257 849 1318 in
864 1256 922 1320 hoc
931 1259 1072 1340 expresse

100 1343 251 1425 dispenset
266 1346 297 1407 S.
314 1344 425 1420 Sedes;
441 1350 556 1408 constat
572 1363 607 1406 ex
627 1345 741 1408 Concil.
766 1345 899 1408 trident.
915 1348 999 1426 (sess.
1015 1351 1070 1426 25,

101 1452 129 1495 c.
146 1437 184 1510 3,
199 1433 233 1495 de
247 1433 405 1515 Repulor.)
423 1453 431 1494 :
454 1456 469 1492 u
483 1437 545 1495 Nec
558 1433 596 1496 de
614 1441 722 1497 cetero
736 1433 845 1496 similia
859 1435 923 1497 loce
937 1437 1071 1512 (monas-

102 1544 118 1581 n
142 1522 216 1584 teria
238 1541 349 1605 nempe
372 1530 433 1585 tarn
455 1523 589 1585 virorum
610 1526 701 1604 quem
723 1523 897 1600 mulierum)
920 1523 1073 1604 erigantur

103 1632 119 1672 n
144 1611 209 1672 sine
232 1611 384 1693 episcopi.
406 1615 436 1674 iu
459 1613 545 1688 cuius
559 1611 679 1674 dioecesi
694 1610 837 1692 erigenda
850 1619 938 1689 sunt,
954 1612 1074 1674 lieentia

104 1720 120 1760 u
146 1699 229 1780 priits
238 1699 367 1761 obunco.
378 1722 393 1758 u
406 1700 480 1762 Vide
489 1701 579 1762 etiam
593 1719 659 1781 cup.
677 1697 841 1763 Pastorolr's
856 1703 908 1774 tt),
919 1699 953 1761 de
969 1701 1073 1764 Priui-

103 1788 209 1868 lepr'r's,
232 1795 290 1852 etc.
313 1789 396 1850 Idem
419 1794 588 1852 constater
613 1789 735 1850 Constit.
759 1787 905 1850 Romanus
928 1788 1074 1869 Pontifex

102 1877 215 1942 Urbani
234 1879 298 1939 Vlll
321 1877 392 1940 anni
415 1882 507 1951 tuat,
530 1879 591 1959 qut
611 1877 667 1938 sub
690 1881 779 1958 poene
797 1877 970 1960 privationis
994 1879 1075 1941 vocis

103 1967 204 2030 nctivae
223 1973 253 2029 et
273 1967 412 2048 passiva,
438 1983 557 2029 necnon
578 1965 747 2029 ciliciorum
769 1972 799 2028 et
821 1965 1014 2029 inhabilitatis
1036 1967 1074 2030 ed

103 2057 154 2119 illa
168 2057 198 2117 in
212 2055 347 2118 iuturum
367 2055 549 2130 obtinenda,
564 2073 600 2117 ec
619 2056 709 2116 etiam
733 2055 1072 2136 excommunicatione,

102 2146 291 2208 interdicitur
314 2143 524 2226 Superioribus
546 2143 694 2206 Ordinum
716 2162 980 2227 quorumcumque
1001 2145 1075 2208 reci-

102 2253 210 2317 pere,
248 2235 388 2316 erigere,
424 2232 572 2311 fundare,
602 2251 656 2296 seu
688 2233 761 2296 eliis
787 2233 1074 2318 quomodocumque

102 2325 259 2387 instituere
273 2341 349 2386 nora
368 2324 568 2398 monasterie,
583 2323 722 2406 collegia,
744 2321 871 2399 domus,
890 2333 1072 2404 conventus,

103 2419 136 2476 et
148 2413 204 2475 alia
225 2413 289 2475 loca
302 2411 450 2494 regularia
465 2411 636 2492 hujusmodi
660 2413 716 2474 nisi
739 2410 777 2474 de
797 2416 938 2493 expresse
956 2413 1075 2476 licentit

103 2501 350 2578 Ordinariorum‚
370 2505 484 2563 serrula
506 2501 537 2563 in
560 2500 702 2563 omnibus
727 2508 900 2563 sauctorum
920 2519 1075 2566 canonum

104 2591 212 2653 lornrt.
240 2591 315 2653 Vide
339 2590 472 2652 Ferret-is
494 2592 538 2671 (v⁰
562 2589 744 2667 Conventus,
769 2595 824 2651 art.
849 2592 889 2664 l,
916 2597 949 2650 n⁰
972 2593 1019 2666 t),
1045 2595 1074 2652 el

105 2681 244 2744 Proeleet.
272 2679 308 2742 S.
333 2678 481 2761 Sulpicii,
500 2687 534 2740 n·
557 2681 626 2742 309.
652 2679 737 2741 Retio
762 2682 807 2739 est
830 2675 900 2758 quie
921 2677 1076 2740 concessio

105 2771 138 2832 S.
160 2769 264 2844 Sedis,
281 2768 337 2830 nisi
351 2768 536 2830 centrarium
551 2767 715 2850 exprimat,
730 2772 870 2828 censetur
886 2764 977 2843 lauta,
995 2765 1075 2830 selvo

103 2858 172 2940 jure
185 2857 336 2940 Episcopi.

146 2951 235 3011 2546.
261 2948 344 3009 Hanc
358 2945 510 3008 licentium
524 2943 689 3008 concedere
704 2943 809 3026 nequit
826 2941 959 3006 Vicarius
977 2945 1075 3008 tiene·

106 3037 177 3100 ralis
196 3036 310 3118 absque
329 3035 451 3118 speciali
473 3033 635 3112 mandato,
651 3052 708 3096 nec
727 3033 864 3096 vicarius
877 3031 1075 3115 Capituleris,·

106 3126 184 3190 Sede
197 3131 331 3187 vacante.
581 3131 587 3136 ’

146 3220 235 3278 2547.
259 3217 398 3275 Attamen
427 3212 594 3294 Episcopus
622 3211 773 3275 licentiam
800 3213 936 3295 erigendi
964 3231 1077 3277 novum

105 3309 289 3368 conventum
312 3301 461 3383 denegare
485 3319 546 3364 non
564 3307 661 3382 potest
683 3301 739 3364 nisi
760 3319 797 3364 ex
814 3303 894 3383 justa
914 3305 1023 3380 caust;
1048 3307 1078 3364 et

105 3399 212 3458 eontra
233 3391 313 3454 haue
332 3390 564 3472 denegationem
583 3389 666 3453 loeus
689 3397 735 3452 est
765 3391 978 3472 appellationi,
1008 3409 1078 3472 quae

104 3484 191 3564 juxta
208 3481 332 3542 constit.
355 3479 431 3543 Cbm
450 3478 529 3541 olida
550 3477 683 3561 Gregorii
704 3481 769 3558 XV,
787 3485 822 3543 ll
839 3499 909 3564 aug.
931 3483 1024 3556 tuat,
1038 3477 1078 3542 ad

108 3573 139 3636 S.
156 3573 266 3651 Gongr.
287 3569 427 3651 Episeop.
444 3575 474 3631 et
487 3568 626 3651 Regular.
642 3568 757 3632 devolvi
780 3569 879 3632 debet.
903 3572 946 3632 lta
968 3569 1077 3630 unani·

109 3663 199 3724 miter
212 3660 275 3725 llll.
292 3689 330 3706 -
340 3655 417 3722 Vide
434 3655 548 3736 Bouix,
561 3655 617 3737 ib,
632 3677 663 3738 p.
678 3661 819 3721 audace.
