2522 4028
196 240 253 300 tlt
413 249 551 298 uerutus
569 249 670 296 rorrus
690 249 771 295 rurus
792 248 939 296 arnamar.

195 360 254 418 tus.
270 350 360 412 etiam
373 348 524 432 prioribus
537 347 675 425 saeculis,
691 347 912 422 ascribebatur,
927 349 959 407 in
974 348 1034 428 qut
1048 353 1165 410 susten·

196 441 338 503 tationem
359 437 497 514 habebat,
522 455 651 519 quaeque
671 436 853 499 beneficium
874 435 979 497 debuit
1000 454 1081 514 esse,
1097 443 1165 518 post

196 546 302 591 eorum
313 527 539 590 institutionem.
549 527 585 586 V.
594 525 756 606 Phillipps,
772 523 1161 602 babrctteccta.,10m.t‚

197 636 228 700 p.
244 621 318 696 4383
334 623 363 678 et
376 617 456 678 dicta
469 633 559 696 supra
573 619 677 694 (lom,
693 619 775 688 etc).

236 708 270 768 ln
284 705 402 768 defectu
415 705 492 767 tituli
503 702 688 784 buJ'usmodi,
699 701 848 763 admissus
861 700 926 772 fuit,
939 701 1057 762 secutis
1068 701 1168 764 0505-
1247 765 1248 768 ,

199 796 249 858 siae
263 794 487 877 posterioribus,
496 793 599 854 titulus
613 791 784 873 patrimonii
795 809 848 870 pro
862 789 1055 852 saecularibus
1069 797 1100 851 et
1113 811 1168 872 pro

199 884 344 965 religiosis
355 881 458 944 titulus
472 881 662 962 paupertatis.
678 877 766 943 Unde
779 877 845 940 bara
859 883 1030 940 statuuntur
1047 899 1054 938 ι

238 977 327 1034 0000.
350 970 394 1033 Ad
422 969 586 1050 legitimam
609 985 764 1029 sacrorum
786 966 929 1028 ordinum
947 967 1170 1048 susceptionem

200 1060 360 1142 requiritur
378 1058 543 1120 eanonicus
564 1055 787 1120 sustentationis
805 1056 927 1130 titulus,
943 1059 1054 1137 nempe
1076 1057 1170 1122 bene-

200 1149 303 1212 llcium
317 1146 441 1232 pacifice
456 1163 648 1228 possessum,
663 1143 709 1207 vel
735 1145 767 1206 in
791 1145 857 1224 ejus
883 1143 1003 1208 delectu
1031 1147 1173 1227 patrimo

201 1239 286 1300 nium
294 1235 444 1299 sufficiens
453 1235 491 1299 ad
500 1235 657 1299 honestam
671 1235 935 1306 sustentationem,
947 1239 999 1296 aut
1011 1243 1173 1318 paupertas

202 1325 349 1407 religiosa.

240 1416 283 1476 lta
302 1412 504 1476 communiter
519 1433 556 1476 ox
580 1411 753 1495 Pontificcli
770 1411 914 1487 Romano,
930 1411 968 1474 da
982 1411 1173 1478 ordinatione

202 1503 393 1580 subdiaconi,
410 1521 529 1565 necnon
547 1519 584 1565 ex
598 1504 690 1564 Gonc.
707 1499 841 1562 'ludent
858 1501 939 1576 (sess.
959 1505 994 1562 al
1010 1548 1018 1577 ,
1035 1519 1101 1582 cap.
1127 1509 1172 1581 0),

201 1593 253 1655 ubi
272 1591 361 1655 datur
377 1593 452 1654 ratio
470 1591 559 1670 hujus
581 1589 785 1672 dispositionis
799 1609 807 1664 ;
822 1587 957 1651 videlicet
977 1608 1015 1652 ne
1033 1601 1176 1671 capenam

202 1681 305 1743 clerici
317 1701 381 1742 cum
401 1679 514 1742 ordinis
531 1678 665 1740 dedecore
682 1677 859 1747 uaeodicare,
877 1685 929 1738 dut
948 1677 1097 1740 sordidum
1115 1680 1174 1742 ali-

201 1789 284 1852 quem
298 1777 442 1852 quaestum
456 1787 599 1830 exercere.

243 1863 331 1921 aaut.
346 1857 449 1929 Quoad
465 1856 584 1917 titulum
595 1855 739 1938 bneficit',
752 1856 918 1918 notandum
930 1859 960 1916 1ο
970 1856 1176 1922 illamdebere

203 1965 267 2009 essc
290 1947 488 2008 subicientem
512 1944 551 2006 ad
568 1945 723 2005 honestam
744 1945 1011 2022 sustentationem,
1035 1944 1177 2012 detractis

203 2036 365 2113 oneribus,
390 2035 458 2096 licet
484 2051 539 2116 pro
560 2033 720 2094 missarum
742 2033 884 2094 oneribus
906 2033 963 2097 hoc
984 2037 1177 2100 conscientiae

204 2125 431 2187 ordinariorum
457 2140 512 2204 pro
539 2139 665 2183 casuum
692 2120 860 2184 diversitate
887 2122 1023 2185 relictum
1046 2125 1094 2186 sit.
1122 2127 1177 2188 Be

206 2213 274 2274 ned.
291 2215 356 2274 XIV
372 2211 427 2290 (De
442 2211 518 2293 Spu.
541 2209 666 2283 dioeces,
683 2209 734 2271 lib.
752 2215 807 2286 la,
823 2229 887 2293 cap.
905 2215 941 2288 9,
958 2213 1177 2289 mettenses

204 2321 240 2364 ex
255 2301 370 2363 Concil.
391 2299 522 2361 Trident.
541 2301 624 2377 (sess.
647 2303 696 2372 rt,
715 2317 781 2380 cap.
797 2303 846 2378 bl:
867 2321 882 2359 a
902 2303 946 2362 Ne
959 2302 1063 2383 quis...
1080 2322 1178 2368 saecu-

204 2411 219 2450 »
244 2390 350 2452 laris...
363 2389 400 2452 ad
411 2407 509 2450 sacros
519 2387 639 2450 ordines
654 2396 873 2468 promoveatur.
883 2389 939 2452 nisi
947 2390 1030 2471 prius
1044 2391 1179 2474 legitime

204 2501 219 2538 u
245 2485 360 2542 canstat
373 2497 436 2540 eum
452 2477 619 2554 beneficium
630 2477 854 2538 ecclesiasticum
866 2477 1013 2559 quodsiti
1021 2481 1179 2546 advictum

204 2589 220 2627 u
244 2565 371 2630 honeste
385 2565 529 2640 sufficiat,
545 2563 669 2646 pacifice
688 2565 850 2648 possidere.
870 2589 885 2626 u
903 2602 942 2614 —
959 2569 1132 2649 Requiritur·
1146 2581 1180 2634 ul

130 2735 133 2742 Ι
205 2655 388 2718 beneticium
403 2653 555 2717 suliiaiens
565 2653 602 2714 sit
610 2673 704 2735 perse
716 2662 747 2716 et
761 2674 822 2716 non
836 2673 907 2718 cum
921 2656 1063 2736 adjuncto
1076 2660 1181 2741 aliquo

205 2744 397 2826 patrimonio.
419 2744 535 2824 (Const.
551 2741 773 2824 Speculatores,
788 2743 806 2823 β
819 2746 861 2823 3.)
877 2779 913 2790 -
930 2747 1117 2808 Contrarium
1133 2759 1179 2810 ta-

206 2849 277 2894 men
303 2832 376 2895 dicit
400 2831 542 2914 Phillipps
559 2831 623 2912 (Du
640 2830 720 2892 droit
735 2832 905 2908 ecclesiast,
920 2840 995 2894 tom.
1017 2839 1045 2909 l,
1061 2855 1091 2917 p.
1107 2841 1180 2916 135)

206 2921 259 3001 qui
284 2939 355 2983 cum
377 2921 523 2996 Barbost,
540 2920 677 3000 Riganti,
701 2921 843 2997 Lauren,
868 2921 1005 2993 Berardi,
1028 2928 1179 3002 restrinpit

206 3007 289 3073 buna
301 3011 348 3090 §3
362 3007 449 3070 dicta
470 3008 607 3084 Constit,
628 3007 665 3069 ad
689 3008 787 3070 solum
802 3027 907 3071 casum
920 3029 983 3091 qua
996 3020 1079 3074 extra
1092 3003 1179 3077 suam

206 3096 377 3166 dioecesim,
394 3096 461 3177 quis
476 3094 658 3156 beneficium
672 3095 786 3178 recipit.

245 3190 336 3249 2002.
355 3183 526 3246 Notandum
538 3187 581 3246 2⁰.
596 3183 640 3245 nd
652 3185 831 3267 Episcopum
843 3187 1181 3268 pertinetdeterminare

208 3274 282 3357 quid
296 3273 464 3356 requiratur
481 3272 519 3334 ad
538 3271 746 3352 sufficientiam
770 3275 918 3338 beneficii.
934 3278 1018 3340 -Si
1040 3289 1133 3341 exstet
1150 3283 1181 3343 in

159 3364 161 3367 ’
207 3363 328 3426 diaecesi
342 3371 409 3424 taxa
423 3361 585 3444 synodalis,
601 3362 753 3442 sequenda
768 3371 831 3438 asl;
852 3366 877 3426 si
897 3368 968 3429 rard
987 3386 1048 3429 non
1067 3377 1181 3439 exstet.

208 3453 357 3515 alisarrari
369 3458 464 3534 potest
475 3469 541 3514 mos
555 3450 686 3530 regionis
696 3451 747 3533 qui
760 3451 935 3529 ,deficiente
945 3459 1013 3518 taxa
1022 3503 1031 3536 ,
1041 3442 1183 3520 censetur

208 3539 247 3604 ab
259 3541 407 3624 Episcopo
416 3540 608 3622 approbatus.

203 3675 205 3686 ,
247 3629 374 3702 Quando
390 3628 459 3706 quis
480 3627 519 3688 ad
543 3627 663 3696 titulum
690 3627 829 3692 beneficii
849 3632 1005 3694 ordinatur
1026 3632 1058 3694 in
1081 3632 1182 3694 aliena
