2528 3996
228 260 286 322 636
446 277 582 324 urrunnu
601 279 703 327 rorrus
722 282 804 328 runis
824 283 973 331 nauouror.

228 373 496 452 Univursilalibus,
513 376 570 436 nisi
585 375 682 438 obslel
698 379 853 459 proprium
869 381 1005 462 ipsorum
1020 385 1227 458 Instituluor.
1245 461 1246 466 ἵ

229 460 304 522 Vide
318 461 398 543 apud
412 463 447 523 D.
466 462 581 540 Bouix,
599 463 644 526 De
657 464 815 546 Regulam,
831 474 906 529 lom.
921 471 952 544 8,
967 489 997 550 p.
1015 475 1075 544 61,
1095 485 1162 540 eie.
1245 483 1246 558 l

270 553 358 613 8881.
376 551 497 622 Ouaeril.
513 553 1226 637 6161666666,66616666655666

230 638 324 702 illices
338 639 454 720 possint
466 640 619 720 regulares
637 639 727 722 eligi?
1245 643 1246 726 l

269 729 359 810 Resp.
387 727 585 790 Affirmalivll:
615 735 645 790 el
671 731 913 813 primoquidem
934 734 1012 816 alogi
1035 747 1220 819 possuntin

230 816 394 899 Episcopos
406 863 415 894 ‚
426 823 515 899 prout
528 817 610 878 cerlo
624 825 742 882 onustat
754 821 897 883 euclem.
916 825 944 896 1,
959 821 1179 904 decoctione,
1193 835 1220 894 in
1245 825 1246 832 '

230 908 291 987 qul
305 904 413 967 dicilur
429 925 436 965 :
460 907 546 968 «Per
559 905 617 968 hoo
630 913 750 982 aulum,
766 908 841 990 quin
859 909 1020 992 religiosus
1039 913 1075 976 iu
1097 920 1220 1000 Episco

229 1015 246 1052 6
270 1011 343 1074 purn
362 993 514 1055 saecularis
535 993 582 1056 vel
610 995 771 1074 cujuslibet
789 997 936 1077 regularis
957 1000 1116 1068 Ecclesiae
1143 1009 1219 1072 liuil'e

230 1103 246 1140 6
270 1081 365 1162 possit
376 1081 464 1162 eligi,
480 1101 542 1144 non
556 1083 742 1146 intendimus
756 1085 926 1166 prohibero.
942 1107 957 1146 6

198 1201 202 1208 -
270 1172 303 1230 2⁰
329 1169 405 1250 Eligi
427 1177 552 1251 possunt
565 1171 597 1232 in
616 1171 787 1235 Cardinales
805 1181 835 1236 el
848 1174 881 1236 in
899 1176 952 1238 SS.
974 1177 1174 1264 Pontifices,
1189 1197 1218 1250 ul

234 1257 325 1323 lonurl
339 1258 521 1336 rxpmirnlia
536 1268 661 1322 consini.

271 1351 358 1408 2886.
385 1350 418 1408 L'l
434 1353 536 1408 nulrrn
546 1348 576 1409 in
587 1349 751 1431 lipisoopos
765 1356 795 1412 et
807 1351 979 1416 cardinales
988 1355 1062 1438 eligi
1076 1361 1213 1428 valrani.

233 1434 360 1513 religiosi
381 1433 515 1515 iongnu
529 1435 698 1516 Superioris
711 1437 858 1518 regularis
873 1439 1012 1518 licentiu3
1037 1455 1167 1512 nonslal
1181 1471 1213 1512 rr

231 1541 297 1604 666.
316 1519 352 1583 Sr'
369 1522 538 1602 religiosus,
552 1523 586 1584 u:
604 1525 758 1604 electione,
783 1526 1101 1596 in6⁰,ubis1aruirur
1118 1556 1129 1598 :
1155 1542 1211 1600 uSi

231 1635 246 1670 6
270 1611 427 1688 611μί6566
440 1611 576 1673 rlrclioni
591 1611 629 1674 (lu
643 1615 740 1687 sa‚nrl
757 1615 966 1680 arrianorum
976 1619 1119 1700 aliquam
1130 1636 1211 1688 extra

230 1721 245 1758 6
270 1718 358 1763 suurn
379 1701 593 1762 ruurraslrriunr
615 1703 659 1762 url
679 1721 764 1763 suain
786 1705 943 1768 oaclrsiarn
963 1706 1150 1790 celebrarae,
1167 1719 1209 1777 sui

230 1811 245 1848 6
271 1788 439 1870 Superioris
453 1788 518 1870 (qui
535 1789 605 1850 rlaro
621 1789 715 1870 ipsnnr
731 1791 834 1870 vrrlrul)
851 1811 912 1854 nnn
926 1795 1018 1874 palili
1030 1804 1063 1858 el
1080 1800 1210 1864 obtenti

231 1897 245 1935 6
271 1877 403 1946 licrnlul.
421 1879 641 1958 plausuurpsnril
659 1880 845 1954 consonare,
866 1899 1033 1946 consensus
1051 1885 1099 1948 sio
1114 1908 1207 1970 pruis-

230 1985 245 2024 o
270 1965 341 2027 liius
355 1984 415 2026 non
432 1973 546 2040 larnai,
561 1972 628 2028 ol...
645 1969 751 2029 alrclro
767 1967 872 2030 rurlnrn
896 1969 1075 2052 16661666),
1091 1977 1207 2042 uiribus

230 2075 245 2111 o
269 2063 411 2115 vacurlur
433 2053 568 2115 onrnino.
592 2077 608 2112 6
627 2053 738 2115 11611166
754 2065 854 2134 pnsloa
869 2058 1038 2140 disponitur
1053 2069 1088 2124 ul
1111 2065 1204 2128 licon·

230 2141 302 2202 lianr
331 2140 409 2202 liano
439 2141 510 2202 dare
547 2143 641 2204 ralral
672 2143 814 2224 suprrior
843 2145 956 2227 absque
982 2165 1142 2216 consensu
1161 2173 1202 2217 sur

231 2227 368 2308 Capituli.
384 2227 547 2309 l'irloapurl
566 2231 675 2308 linuix,
694 2232 866 2313 1616661,
882 2233 939 2314 in,
953 2254 983 2317 p.
1000 2241 1051 2302 67.

268 2319 357 2378 8886.
379 2318 502 2389 Ouaeril.
517 2323 550 2378 1θ
568 2321 586 2376 ,1
593 2336 611 2378 6
627 2319 772 2400 regularis
786 2321 817 2381 in
831 2321 1013 2405 Episcopum
1028 2331 1202 2394 661116611-

230 2403 331 2467 nalern
343 2405 456 2468 electus
468 2405 581 2468 ‹lrsinul
598 2425 663 2468 esse
678 2407 863 2488 religiosus?

268 2495 357 2575 Resp.
373 2495 533 2574 Negulira:
549 2504 579 2556 el
599 2493 655 2557 lion
669 2502 702 2557 ul
719 2507 834 2559 ror-lurn
858 2501 1060 2565 communiter
1072 2503 1202 2571 habetur

228 2599 299 2645 cum
321 2584 431 2644 Suarez
459 2588 526 2664 post
552 2583 583 2644 S.
606 2582 779 2646 Tironiana:
804 2585 968 2651 subslanlia
994 2591 1080 2654 eninr
1106 2601 1202 2660 stains

228 2671 358 2752 religiosi
379 2677 451 2734 luno
473 2677 609 2732 remanet
623 2677 655 2732 ol
669 2670 811 2750 oliligalio
826 2681 987 2740 votorum:
1007 2679 1092 2742 nulla
1103 2695 1201 2763 poirsl

228 2777 294 2822 essa
305 2757 463 2822 dillicullas
476 2757 575 2840 quoad
589 2758 753 2820 caslilnlenr
767 2779 775 2834 ;
791 2761 890 2842 quoad
901 2767 971 2826 roro
982 2765 1199 2836 obedientiarii.

228 2847 337 2910 desinit
349 2847 472 2929 quidem
489 2845 644 2926 religiosus
661 2863 717 2908 suo
737 2848 861 2910 Praelalo
878 2851 1001 2932 subjici,
1018 2855 1072 2916 sed
1085 2861 1185 2923 consil
1191 2897 1200 2906 -

230 2935 320 3004 luilur
342 2935 399 2997 sub
421 2933 590 2996 obedienlial
605 2935 692 3015 Papae
708 2953 715 3010 ;
733 2945 866 2999 runranet
881 2941 1109 3019 parilernolunr
1124 2967 1197 3029 pau·

228 3023 366 3105 peririis:
380 3022 528 3102 siquidem
543 3039 604 3084 non
618 3024 714 3104 inagis
728 3026 821 3105 quarn
839 3034 926 3088 antea
940 3035 1037 3109 polest
1049 3031 1146 3098 ullius
1159 3039 1196 3098 rri

228 3109 399 3173 dominium
419 3111 737 3191 acqui1·er·a‚quanrris
764 3129 825 3174 non
848 3115 977 3196 amplius
999 3127 1195 3199 monasterio,

228 3197 280 3260 serl
294 3215 356 3258 suaa
371 3213 482 3257 mensae
496 3214 549 3258 seu
565 3198 704 3260 Ecclesia
717 3201 868 3280 anquirat:
884 3201 973 3266 habel
986 3213 1091 3270 lamen
1105 3229 1196 3274 usuru

229 3301 329 3347 rerum
353 3283 560 3366 temporalium
582 3285 683 3348 minus
705 3291 874 3352 restrictum
894 3291 1016 3355 obsura
1038 3295 1195 3378 Dignilalis
1245 3291 1246 3332 ¹

228 3371 401 3453 erigentias.
418 3370 491 3432 Vide
505 3371 653 3450 Ferraris,
668 3385 698 3436 6
712 3374 886 3459 Episcopus,
902 3384 959 3442 art.
976 3384 1017 3457 'l;
1031 3389 1065 3444 el
1079 3387 1193 3462 Bouix,

230 3461 273 3522 De
289 3460 406 3540 tregit..
419 3467 493 3522 torn.
509 3464 539 3533 2,
556 3477 586 3540 p.
597 3464 647 3522 68.

267 3549 354 3609 6881.
378 3549 441 3609 lino
461 3564 514 3628 per
527 3547 650 3609 Conslil.
672 3547 808 3616 Custodes
827 3555 939 3618 Brund.
960 3559 1043 3640 xlll,
1065 3567 1085 3624 ’1
1105 3575 1191 3628 marl.

230 3634 304 3697 1186
318 3653 324 3694 :
345 3657 359 3694 r
373 3635 480 3696 lisdem
492 3634 677 3712 regularibus
690 3642 753 3700 tarn
767 3640 806 3701 ad
820 3643 1032 3727 Episcopaturn
1048 3653 1143 3730 quina
1158 3655 1192 3714 nl
