2522 3992
441 211 530 304 aradii
547 259 665 306 antuus.
763 277 769 284 ·
982 243 1038 306 tut

69 376 248 430 excurrere;
270 357 402 419 indebita
416 356 498 419 enim
512 355 605 432 toret,
620 375 648 418 v.
671 375 702 437 g.
725 355 919 436 interrogatio
940 359 999 438 quil
1024 360 1042 419 lt

69 448 180 510 novitill
203 446 402 528 postularetur
416 465 484 506 aum
497 443 656 527 alr'qauado
669 443 704 506 tle
718 443 841 506 ineundo
855 444 1043 506 matrimonio

69 535 266 618 excapitavit:
285 555 354 596 nune
369 532 529 596 christiane
549 534 681 608 vixerim
699 553 769 594 nam
783 533 881 594 camis
904 533 1042 595 tentatio·

69 625 156 688 nibus
182 632 238 688 aut
260 623 389 707 lapsibus
410 624 451 684 sit
471 623 614 698 obnoxio,
629 629 687 686 etc.
707 624 818 684 -Per
836 640 868 683 so
890 622 936 684 vel
955 623 1042 686 Dole-

71 721 174 796 gatum
187 713 352 796 Episcopus
371 719 401 775 et
414 713 507 794 ipsius
526 712 660 774 Vicarius
673 711 771 774 valent
784 710 844 774 hoc
855 729 981 774 exatnen
994 731 1044 794 pe-

73 823 107 868 ra
128 821 190 867 ere.

109 823 200 956 laad.
223 893 363 966 Quamvis
377 891 497 974 praelata
516 891 582 973 lege
601 890 715 954 Concil.
731 889 864 952 Trident.
886 907 948 952 non
969 887 1042 970 lige-

73 992 121 1046 tur
142 984 308 1064 Episcopus
335 982 392 1044 nisi
421 979 521 1062 quoad
542 979 686 1042 moniales
707 997 777 1060 quae
805 985 873 1040 vota
898 978 1047 1041 solemnia

73 1073 214 1133 emittunt
229 1091 236 1132 :
252 1071 420 1134 Concilium
434 1070 515 1132 onim
530 1077 559 1131 et
571 1071 601 1130 S.
615 1069 685 1131 Pius
699 1070 723 1128 V
747 1067 912 1148 loquuntur
931 1067 968 1128 dc
982 1085 1046 1128 sus·

73 1159 218 1240 cipiendis
232 1160 262 1222 in
276 1159 382 1221 online
396 1158 434 1220 ad
457 1157 685 1238 Professr'oom‚
701 1175 770 1238 quae
784 1158 815 1218 in
828 1159 896 1236 jure
910 1164 955 1218 est
969 1155 1045 1217 Pro·

73 1249 160 1328 fessio
173 1247 328 1321 solemnis;
345 1255 476 1310 attamen
491 1247 657 1328 Episcopus
671 1253 786 1328 potest,
801 1247 825 1308 si
843 1246 929 1320 vetit,
946 1254 1045 1307 vetare

76 1355 113 1398 ne
128 1337 252 1419 puellae,
268 1337 357 1399 etiam
372 1338 403 1398 in
419 1336 708 1418 congregationibus
721 1354 789 1416 quae
803 1335 847 1397 rel
863 1336 960 1398 solum
976 1338 1043 1396 sim-

76 1425 162 1506 plicia
180 1425 224 1488 uel
244 1425 328 1486 nulla
340 1431 407 1488 vota
421 1423 550 1500 habent,
566 1423 603 1485 ad
618 1422 753 1485 habiturn
767 1423 812 1485 vel
829 1423 1045 1505 professionem

75 1514 267 1577 admittantur
282 1515 477 1577 antefactum
493 1517 553 1576 ase
568 1530 711 1588 examen,
723 1513 753 1572 in
765 1531 826 1592 quo
840 1521 910 1574 tunc
926 1530 986 1573 non
1002 1531 1046 1574 as·

79 1601 216 1682 tringitur
229 1602 266 1664 ad
280 1603 409 1664 iormam
431 1605 449 1663 a
468 1603 601 1665 Concilio
615 1601 696 1662 Trid.
712 1607 742 1662 ct
752 1602 783 1662 S.
800 1601 854 1662 Pio
869 1604 893 1658 V
907 1600 1047 1662 determi-

77 1696 194 1765 natam,
213 1691 264 1753 sed
286 1692 430 1754 duntaxat
447 1691 485 1754 ad
505 1689 694 1772 prudentiam
712 1697 742 1752 et
755 1689 925 1770 aequitatem
946 1688 1046 1767 ajuro

77 1779 202 1840 naturali
218 1782 433 1862 praescriptam.
454 1780 540 1858 (Vide
559 1781 675 1857 Boulis,
701 1779 745 1841 De
767 1777 892 1860 repat..
916 1780 1043 1855 tamt,

459 1978 612 2040 runcatur
632 1981 663 2038 u.

269 2095 307 2138 on
328 2092 447 2140 nerano
468 2093 634 2140 narrantur
653 2093 852 2142 tonitrunm.

115 2207 203 2268 arat.
220 2207 264 2265 Ex
278 2205 391 2266 Concil.
403 2203 536 2266 Trident.
553 2206 636 2280 (sess.
648 2207 704 2279 25,
717 2223 783 2286 cap.
795 2210 825 2281 3,
837 2205 880 2268 De
890 2205 1047 2288 Repulor.)

75 2297 106 2356 et
134 2292 270 2374 pluribus
294 2291 460 2356 Pontificio
482 2293 761 2370 mussitationibus,
777 2294 979 2376 praelrgendus
1002 2303 1047 2357 est

75 2381 253 2444 monialium
269 2400 414 2444 numerus
423 2382 474 2462 qui
489 2380 655 2444 redditibus
665 2383 883 2445 convectusvet
893 2383 1046 2446 consuetis

75 2470 275 2550 eleemosynis
293 2470 452 2532 sustentari
469 2469 574 2532 valeat.
595 2472 667 2532 Haec
691 2471 852 2552 assignatio
868 2469 932 2534 lieri
957 2471 1047 2534 debet

75 2557 121 2619 vel
135 2557 173 2620 ab
187 2561 337 2640 Episcopo
351 2558 431 2635 sole,
449 2559 474 2620 si
489 2559 707 2620 monasterium
726 2577 788 2620 non
802 2559 840 2620 sit
853 2565 1044 2639 exemplum,

76 2646 121 2708 rel
137 2647 176 2708 ab
197 2647 345 2728 Episcopo
365 2649 425 2710 unt
448 2666 519 2710 cum
540 2647 665 2709 Praelata
683 2647 812 2728 regulari
831 2647 880 2709 cui
900 2655 1048 2710 monaste

76 2753 156 2796 num
166 2742 211 2796 ost
224 2735 403 2814 subiectum.
420 2737 495 2798 Vide
508 2735 633 2798 Constit,
650 2736 708 2798 Dec
721 2735 812 2797 saeris
824 2735 956 2817 Gregorii
969 2739 1047 2799 Xlll.

117 2825 205 2883 2732.
230 2825 283 2886 llae
301 2824 512 2905 dispositiones
535 2843 598 2886 non
622 2825 773 2906 attingunt
794 2825 1048 2906 congregationes

78 2909 109 2973 in
124 2910 233 2991 quibus
246 2921 312 2974 vota
326 2914 472 2976 solemnia
486 2933 546 2976 non
560 2913 748 2976 emittuntur.
760 2913 868 2992 Bouix,
883 2915 926 2978 De
940 2915 1041 2999 Repal.

78 3001 162 3080 ttoni.
180 3005 212 3079 1,
228 3019 258 3082 p.
271 3003 426 3084 aas-660),
442 3011 473 3066 ct
484 3002 564 3066 dicta
577 3023 668 3086 supra
683 3007 788 3086 (2563,
803 3006 886 3084 etc-l.

453 3153 607 3212 puuctum
628 3155 673 3214 tll.

397 3267 435 3312 na
455 3267 529 3314 nora
551 3267 728 3316 uonranrmr.

116 3377 207 3438 2⁷33.
231 3375 314 3438 Dotis
336 3377 460 3439 nomine
482 3377 653 3458 intelligitur
667 3385 747 3441 certa
761 3395 880 3442 summa
893 3377 1043 3460 pecunie,

75 3471 175 3528 taxata
188 3468 206 3526 tt
226 3465 358 3544 legitimo
372 3467 525 3548 superiore
538 3513 546 3544 ‚
570 3469 753 3530 monasterio
766 3468 865 3530 danda
885 3467 916 3529 in
930 3476 1047 3530 susten·

75 3555 222 3615 tationem
238 3554 376 3616 monialis
391 3557 421 3616 in
436 3577 472 3616 eo
486 3555 662 3635 profitentis.

117 3643 153 3704 ln
171 3641 316 3704 t'tesaaro
327 3643 573 3708 resolutionem&
585 3647 618 3706 G.
629 3645 753 3708 concilii
771 3647 860 3724 (tom
871 3649 902 3722 3,
917 3665 949 3726 p.
967 3648 1049 3724 aaa),

865 3743 949 3806 w*
