2550 3992
213 238 273 300 art
433 253 569 302 nanctae
589 256 690 304 ranas
710 255 792 304 roms
813 255 964 304 aaronica.

213 355 385 436 permittere
412 361 512 435 posset
534 355 684 437 parochus
706 361 738 420 ut
763 373 870 418 omnes
897 357 1076 436 tangerent,
1098 355 1181 418 moe
1249 325 1250 376 Ψ

214 445 337 506 externa
355 443 526 525 designaret
546 463 644 508 unum
659 453 689 508 et
702 463 795 508 unam
817 443 869 525 qui
890 461 1018 506 munere
1038 443 1145 526 patrini
1157 451 1183 504 et

213 533 350 596 matrinas
364 533 432 596 vera
450 532 667 615 iungerentur,
687 534 781 615 etqui
802 533 857 596 soti
872 532 1085 614 cognationem
1104 539 1183 596 oront

213 622 405 684 contrectari.
421 623 462 702 (S.
480 622 614 704 Lignor„
627 623 682 702 it,
698 631 730 686 n·
747 625 829 702 tat.)

254 715 343 774 3329.
360 711 480 784 Onaerit.
493 715 524 773 2⁰
536 710 899 794 Anduoconjugesticita
909 709 1026 792 possint
1038 709 1183 791 suscipere
1250 705 1251 726 ¹

216 801 233 863 e
247 819 333 863 sacro
347 799 429 863 tonte
442 799 571 864 alienam
586 801 728 884 prolem?

255 888 1180 972 nespttegaresuaeeziun,exceastttrbentttretnainoep.

216 980 296 1042 tinaii
310 984 360 1058 30,
376 999 407 1060 q.
422 985 460 1056 t,
476 979 558 1061 quod
577 987 678 1043 amen
695 987 798 1043 censet
816 999 877 1044 non
898 978 1045 1042 excedere
1058 977 1182 1050 veniaie3

215 1069 267 1130 sed
291 1069 407 1130 notium
431 1085 496 1130 esse
519 1077 675 1150 peceatum
699 1069 884 1152 probabilitas
906 1073 987 1131 tenet
1011 1069 1044 1130 S.
1068 1067 1183 1147 Liguor.

215 1157 280 1234 (ib,
297 1159 331 1218 ¹¹⁰
342 1161 409 1234 iiii)
419 1174 490 1218 cum
503 1157 752 1221 communissima
764 1157 910 1220 sententie
921 1176 928 1218 :
940 1157 1012 1240 quia
1026 1161 1185 1219 eonsuetu-
1251 1163 1252 1204 t

215 1245 286 1307 dine
303 1245 508 1309 introductum
523 1256 567 1310 est
580 1246 640 1310 hoa
654 1266 715 1310 non
733 1265 800 1312 esse
812 1253 987 1331 peccatum,
1003 1250 1039 1309 ut
1051 1245 1186 1328 expmssi

111 1337 114 1343 “
216 1334 303 1397 docet
313 1337 344 1398 S.
360 1334 503 1398 Thomas.

255 1427 344 1488 3330.
361 1425 482 1497 (tuerit.
493 1425 581 1488 3⁰An
592 1431 731 1508 perantes
742 1425 925 1508 baptizantes
934 1424 980 1488 vel
990 1423 1187 1508 suscipientes

216 1512 254 1578 de
273 1533 359 1578 sacro
383 1512 463 1576 tonte
484 1513 600 1596 prolem
623 1531 730 1595 suam,
745 1514 922 1580 contrahant
937 1512 1187 1596 impedimentum

220 1602 340 1688 petendi
354 1601 510 1667 debitunt

256 1697 346 1777 Resp·
362 1694 482 1756 Certum
499 1698 545 1756 est
564 1711 617 1756 eos
634 1693 750 1758 dictum
769 1693 1022 1776 impedimentum
1039 1711 1104 1756 non
1122 1711 1188 1756 eon·

217 1784 334 1848 trahere
355 1783 379 1844 si
394 1783 542 1866 baptizent
561 1782 593 1844 in
612 1783 805 1860 necessitate3
827 1801 884 1846 nec
897 1781 922 1844 si
939 1781 1092 1863 baptizent
1104 1782 1187 1844 aute

218 1875 299 1938 tonte
314 1873 529 1954 suscipientes
544 1872 714 1954 ignorantia
728 1875 785 1952 (ex
798 1891 865 1954 cap.
881 1871 920 1934 si
937 1871 995 1944 cir,
1011 1867 1047 1933 de
1066 1869 1185 1954 Coponi.

217 1963 306 2046 spirit
321 1967 341 2040 );
358 1970 473 2025 certum
488 1968 644 2024 esttamen
658 1981 710 2024 eos
726 1979 850 2044 peceare
864 1961 990 2044 graviter
1004 1959 1029 2022 si
1043 1959 1186 2042 baptizent

218 2053 295 2114 srtios
309 2053 374 2114 sine
389 2053 573 2114 necessitate.
585 2054 680 2112 -An
696 2057 796 2113 autem
810 2057 883 2113 tunc
897 2051 1054 2112 incurrant
1070 2049 1188 2131 impedi-

219 2150 355 2202 mentum
370 2139 490 2221 petendi
505 2139 653 2204 debitum.
664 2143 909 2203 controvertitur:
921 2139 1116 2202 communior
1127 2157 1190 2200 sen·
1253 2155 1254 2164 ¹

218 2230 308 2290 tentia
317 2229 455 2298 affirmat,
468 2237 628 2308 negantem
638 2237 739 2290 tamen
752 2229 912 2310 S.Liguor.
925 2228 996 2290 satis
1007 2227 1188 2310 probabitenr

217 2325 314 2388 vocet,
326 2321 361 2378 ea
372 2316 485 2378 ratione
496 2317 617 2380 innixus
627 2317 708 2400 quod
720 2317 748 2378 in
762 2336 828 2399 cap.
843 2315 931 2380 citato
942 2315 979 2376 Si
987 2317 1035 2378 vir
1045 2335 1106 2378 non
1117 2323 1191 2378 veta·

218 2414 267 2470 tur
281 2405 405 2468 reddere
412 2405 547 2468 debitum
561 2407 710 2468 :sicenim
720 2405 809 2468 habet
818 2405 875 2468 hoc
885 2405 1069 2486 capitutum:
1082 2429 1097 2463 a
1109 2405 1139 2468 Si
1149 2405 1191 2466 vir

219 2519 234 2558 r
260 2499 304 2560 vet
320 2497 445 2570 mutter,
460 2495 636 2557 scienterve!
647 2497 831 2577 ignoranter,
847 2494 943 2556 titium
957 2511 1048 2557 suum
1062 2493 1193 2557 dercon

220 2611 235 2649 a
260 2588 341 2670 sonte
351 2587 573 2667 susceperint„
590 2585 727 2666 quemvis
741 2584 919 2667 generaliter
933 2583 970 2645 sit
984 2585 1191 2647 institutum...

220 2703 235 2739 r
260 2685 291 2741 ut
306 2677 437 2740 debeant
450 2675 579 2756 separari
592 2723 599 2749 ,
611 2675 735 2756 quidam
744 2681 846 2736 tamen
859 2673 1022 2738 humanitas
1031 2675 1194 2737 sentientes

220 2791 236 2826 r
260 2769 343 2830 aliter
364 2771 551 2842 statuerunt,
573 2763 701 2846 ideoque
724 2763 811 2826 nobis
833 2762 947 2826 ridetur
969 2762 1053 2844 quod
1073 2765 1138 2828 sire
1159 2783 1193 2828 cx

220 2879 236 2915 a
262 2857 449 2936 ignorantia,
472 2854 533 2916 siva
557 2872 595 2916 ec
614 2851 735 2915 melitii
757 2851 788 2914 id
810 2849 954 2928 iecerint,
977 2870 1038 2914 non
1063 2855 1194 2916 suntab

221 2967 235 3004 n
263 2945 389 3005 invicem
398 2941 571 3026 separandi,
584 2943 720 3004 necaitcr
734 2941 818 3004 alteri
831 2939 967 3004 debiturn
980 2939 1193 3004 debetsutrtra-

221 3058 236 3096 n
261 3033 369 3108 here..;
386 3033 457 3113 quia
478 3033 502 3094 si
523 3051 560 3094 ex
581 3031 750 3113 ignorantia
770 3029 801 3092 id
820 3027 931 3092 iactum
953 3035 1015 3106 est,
1036 3048 1092 3094 eos
1109 3031 1194 3112 igno

222 3148 236 3184 a
261 3121 356 3186 rantia
368 3137 511 3182 excusare
525 3121 657 3197 videtur;
673 3121 697 3183 si
712 3139 749 3182 ec
762 3117 891 3195 matitia,
906 3118 950 3181 eis
968 3135 1023 3180 sua
1036 3117 1120 3180 fraus
1136 3139 1194 3182 tion

222 3237 236 3272 r
262 3212 351 3273 debet
364 3207 563 3290 patrocinari,
578 3209 624 3272 vet
638 3209 736 3281 dotus.
751 3229 767 3268 r>
789 3209 855 3271 Ima
868 3205 927 3269 hoc
939 3207 1107 3288 capitulum
1128 3227 1195 3292 sup

224 3299 307 3384 ponit
331 3297 420 3358 etiam
440 3303 554 3377 partem
580 3315 663 3360 ream
684 3313 771 3379 posse
795 3295 931 3358 debitum
952 3303 1072 3377 petere,
1101 3299 1196 3380 siqui·

223 3391 291 3450 rtem
315 3386 386 3448 dicit
414 3392 713 3468 utramquepartem
736 3384 846 3448 debere
873 3383 1009 3462 raddera;
1038 3389 1133 3467 porro
1161 3387 1195 3448 ab

224 3477 374 3538 innocenti
391 3493 452 3536 non
467 3482 545 3536 esset
558 3473 746 3536 reddendum
761 3473 909 3544 debitum,
932 3490 987 3536 nac
1004 3477 1095 3536 etiam
1111 3477 1195 3538 recidi

225 3571 343 3646 posset,
358 3566 383 3626 si
397 3565 462 3626 sine
476 3563 557 3643 gravi
572 3563 766 3626 incommodo
779 3563 890 3626 valeret
903 3581 1029 3646 negare,
1045 3565 1118 3644 quia
1132 3567 1197 3628 sine

228 3655 339 3713 ratione
362 3671 423 3715 non
445 3652 513 3714 licet
530 3651 686 3731 cooperari
705 3651 828 3716 alteriue
847 3661 981 3728 peccato.
1002 3653 1034 3716 S.
1057 3653 1195 3736 Lignor..
