2522 4028
441 339 525 386 erasa
548 338 665 385 rnrnus.
983 321 1038 386 eut

68 435 266 510 detrimento,
277 433 667 518 permittiturcontinuatio‚
679 431 730 497 sed
745 431 843 496 sotum
858 433 895 498 ad
910 439 1040 517 ternpus,

69 533 101 588 et
123 543 178 608 per
201 523 407 606 interpositam
436 523 502 586 laici
529 541 710 604 personam,
738 521 776 585 de
800 523 917 586 licentii
941 529 1043 586 temen

70 617 103 678 S.
118 616 267 694 Congreg.
282 613 405 676 Coneiiii
423 613 499 676 intra
515 613 647 682 ltaliam,
662 619 714 674 eut
727 611 875 675 Ordinarii
890 620 973 674 extra
986 613 1042 674 lta-

71 704 156 766 liam.
172 701 246 764 Vide
261 704 291 764 S.
308 701 443 782 Liguor.‚
461 701 511 763 lib.
524 705 558 776 3,
575 711 606 764 n·
621 705 691 764 832.

113 796 202 854 2070.
215 794 289 853 {tem
303 791 333 851 in
348 792 441 872 gravi,
454 791 573 872 propria
583 791 627 852 vei
643 808 780 867 suorum,
790 791 977 868 necessitate,
990 810 1045 872 pro

72 879 218 944 senanuu
242 883 335 942 statiis
353 880 511 950 decentia,
530 899 592 942 non
613 887 657 942 est
678 880 812 942 iiiiciturn
827 881 937 944 clerico
951 899 1044 962 nego-

71 969 152 1032 tiari.
169 971 200 1032 S.
215 970 337 1050 Liguor.
356 969 421 1050 (ila,
437 977 469 1032 n⁰
483 969 567 1050 837).

114 1061 203 1128 Item,
215 1058 319 1140 positis
331 1059 495 1140 ponendis,
511 1059 579 1122 lieet
593 1059 637 1120 eis
651 1059 796 1138 negotiari
805 1065 927 1140 propter
941 1077 1045 1122 curam

10 1169 12 1174 ·
75 1148 261 1230 pupillorum
282 1154 332 1210 out
350 1148 519 1211 viduarum.
535 1148 611 1209 Vide
629 1147 797 1225 Reiffenst„
819 1147 871 1209 lib.
889 1151 923 1222 3,
944 1149 989 1209 tit.
1006 1151 1044 1226 t,

75 1249 112 1298 n⁰
127 1241 194 1300 iz'b'.

116 1330 204 1388 207¹.
229 1330 295 1390 Non
317 1328 414 1392 soliun
436 1326 551 1388 clericis
572 1325 734 1406 negotiatio
758 1325 947 1408 prohibetur,
970 1327 1045 1404 sed,

70 1417 157 1495 juxta
172 1417 284 1478 Conoii.
301 1416 438 1479 Chaieed.
449 1418 531 1497 (Gap.
544 1415 701 1489 Peruenit,
717 1433 806 1477 causa
821 1421 870 1490 it,
882 1435 912 1496 q.
930 1417 969 1496 3),
986 1435 1048 1478 eer-

72 1511 143 1566 tum
161 1511 207 1566 est
225 1507 297 1586 ipsis
315 1513 344 1567 ot
362 1506 508 1588 religiosis
531 1504 666 1566 illicitum
688 1522 753 1565 esse
770 1503 939 1566 conducere
961 1523 1047 1584 agros

72 1593 192 1656 alienos
207 1595 244 1656 nd
258 1594 432 1657 vendendos
447 1593 560 1657 fructus
570 1641 578 1670 ,
590 1593 672 1673 quod
686 1591 824 1673 quaedarn
840 1593 1048 1673 negotiationis

72 1681 1048 1764 speciesvidetur.Nontn1nenillicitumestelericoemereagrunr

72 1789 148 1832 cunr
163 1771 380 1854 fructibusjnn
394 1773 529 1844 maturis,
539 1779 567 1832 ot
578 1771 643 1832 iilos
656 1771 800 1834 vendere:
811 1771 959 1852 quinione
973 1770 1050 1832 fruc-

73 1867 126 1922 tus
136 1863 246 1943 proprii
262 1865 324 1940 egri
339 1862 519 1924 venduntur.

117 1951 205 2012 Juxta
220 1951 398 2013 sententiani
408 1969 620 2025 cerimonem,
637 1950 751 2014 licitum
762 1955 808 2013 est
822 1949 931 2014 clerico
941 1969 1048 2032 peoora

71 2039 122 2100 vei
138 2057 245 2120 porcos
257 2059 358 2120 enteca
370 2047 400 2102 ut
411 2040 688 2120 rendatsaginatos,
704 2040 792 2102 vetut
805 2039 941 2116 fretibus,
957 2039 1047 2118 lacte,

72 2127 148 2189 iunia
168 2137 283 2190 tucrurn
307 2129 413 2204 iaciat,
436 2128 526 2190 nrodd
556 2130 586 2189 in
615 2127 733 2209 praediis
751 2129 880 2210 propriis
909 2128 1048 2192 animalia

71 2215 189 2280 ainntur
204 2239 213 2290 ;
227 2217 251 2278 si
269 2219 337 2280 ceri·
350 2218 387 2280 nd
404 2218 459 2280 hoe
478 2217 720 2280 conducerentur
735 2217 977 2300 praedieatione,
993 2219 1049 2281 hoe

72 2303 213 2368 iiiioitunt
226 2320 312 2382 esset,
329 2325 363 2370 ex
380 2305 502 2389 praefato
511 2306 645 2368 Concilio
659 2306 909 2384 Chalcedonensi‚
926 2307 982 2369 nisi
996 2307 1050 2369 ali-

72 2395 146 2456 cubi
163 2395 274 2476 vigeret
286 2397 434 2458 contrariu
444 2395 640 2459 consuetudo.
659 2395 735 2458 Vide
749 2397 780 2459 S.
797 2397 916 2478 Liguor.
934 2397 997 2475 (tib.
1013 2401 1048 2474 3,

74 2485 204 2564 neate).

120 2576 185 2634 d'on
201 2579 300 2636 avaron
313 2579 416 2658 peccet
428 2574 554 2638 clericus
568 2575 619 2657 qui
631 2573 671 2646 id,
684 2574 766 2656 quod
779 2573 816 2636 ad
826 2575 964 2656 proprios
977 2594 1050 2639 usus

73 2671 210 2740 emon,
225 2671 347 2744 postea,
363 2664 408 2726 vel
422 2665 568 2747 quianon
588 2664 703 2745 indiget
716 2663 762 2726 vei
777 2670 890 2726 mutato
908 2663 1048 2742 consiliu,

73 2752 178 2814 cerins
192 2751 305 2815 vendit.

116 2844 193 2903 uena
209 2840 277 2905 iicet
290 2841 405 2906 clericis
427 2862 527 2906 emere
549 2843 664 2908 serrum
678 2843 716 2907 nd
729 2843 902 2907 vendendos
916 2843 1049 2925 gladios,

74 2929 163 2992 ionias
188 2929 227 2992 ad
250 2931 441 2994 vendendum
459 2951 610 3014 pannum,
625 2933 716 2996 modd
739 2933 794 3016 ipsi
812 2951 849 2996 ea
869 2933 1048 3012 conficiant,

75 3035 140 3081 non
155 3021 226 3082 verd
240 3038 294 3102 per
307 3023 458 3103 operarios
472 3023 655 3086 conductos:
669 3024 740 3106 quia
749 3024 834 3085 aliter
846 3021 905 3086 ho'c
914 3023 999 3086 valde
1012 3023 1050 3086 ad

73 3109 312 3189 negotiationem
327 3110 492 3176 accederet.
509 3113 540 3174 S.
557 3113 691 3194 Liguor.,
707 3111 794 3190 ibid,
811 3122 844 3175 n·
858 3116 929 3176 836.

530 3323 549 3404 ἓ
561 3326 597 3387 Π.

306 3469 522 3534 dilectamenta
536 3471 651 3536 clericis
660 3473 825 3556 prohibito.

115 3646 208 3708 2072.
217 3641 441 3706 oblectamenta
447 3643 564 3706 clericis
573 3644 722 3726 prohibite
729 3652 816 3710 sunt:
828 3650 861 3709 t·
869 3647 999 3722 Venatio,
1011 3649 1050 3710 de

70 3737 137 3819 qut
153 3729 321 3812 dehabet,
335 3749 403 3816 cap.
419 3736 449 3813 i,
464 3732 499 3795 de
514 3732 630 3796 Clerico
644 3743 800 3798 uenatore:
816 3737 1050 3816 «Episcopum,
