2550 3992
438 309 524 358 unm
544 307 703 360 susurras.
1013 292 1073 358 dbt

135 411 223 473 aaut.
240 407 319 472 Nota
333 407 416 492 qudd
429 407 568 471 sacerdos
583 411 734 490 baptizans
750 407 833 471 domi
848 410 878 471 in
890 427 1073 474 casuneees

98 497 199 572 sitatis,
211 511 340 581 puerum
350 497 579 582 periclitantem,
589 497 698 560 debeat
706 497 749 560 uti
760 497 837 560 stota
849 498 917 560 alba
927 517 988 562 nan
1002 501 1073 562 vend

98 588 318 666 violaeet,cirm
329 590 485 652 tneocaan
496 585 890 664 nnnfiantexnreizationes,
904 607 960 651 nee
976 587 1075 651 inians

100 675 225 740 lineatur
238 678 305 741 oleo
319 677 605 741 cateehumenorum
618 697 626 752 3
643 695 729 740 secus
743 684 789 738 est
800 676 975 748 dicendum,
989 680 1074 758 juxta

100 765 230 842 Ritnale,
241 767 279 829 de
289 767 325 830 iis
338 785 407 849 quae
421 766 497 828 fiunt
512 773 578 846 post
593 765 796 848 baptismum:
812 766 894 828 unde
907 765 970 828 fleri
985 767 1075 830 debet

99 855 201 917 unctio
211 855 390 918 chrismatis.
400 857 481 918 ltaS.
497 855 607 936 Congr.
619 855 692 925 Rit,
709 857 748 916 23
763 863 838 936 sept.
851 857 978 932 1826OE
979 855 1072 939 apta.

100 943 139 1005 du
155 943 349 1020 Gattetisme,
367 963 421 1027 par
434 943 576 1020 Guiiiois,
591 951 666 1006 torn.
682 946 713 1018 3,
728 963 759 1024 p.
776 949 826 1021 61,
841 949 873 1006 7⁹
888 943 984 1023 edit).

139 1035 229 1095 3292.
253 1031 332 1096 Nota
360 1034 483 1114 insuper
511 1031 592 1113 qudd
619 1031 760 1103 ecelesia,
788 1034 821 1094 in
848 1036 909 1114 qut
931 1034 1076 1096 solemnis

103 1122 270 1202 Baptismus
289 1122 345 1184 sub
359 1123 440 1203 gravi
455 1127 500 1184 est
517 1120 737 1198 conserendus,
758 1129 802 1184 est
815 1139 851 1184 ea
874 1123 904 1183 in
919 1126 980 1204 qut
993 1123 1076 1185 adest

101 1209 167 1272 sons
184 1209 379 1292 baptismalis.
389 1212 431 1271 lta
445 1209 566 1272 Hitnnte
580 1210 716 1286 Roman,
731 1211 810 1274 etsie
823 1211 1001 1274 idiemente
1011 1214 1035 1272 V
1044 1212 1075 1274 in

101 1299 233 1362 Concilio
247 1299 412 1361 Viennensi
431 1297 485 1360 tuit
501 1298 705 1380 praescriptum
723 1317 731 1358 ε
752 1300 923 1361 «Praesenti
939 1300 1076 1380 probibe-

101 1411 116 1447 ιι
140 1405 210 1450 mus
224 1391 348 1451 Decreta
365 1405 404 1449 ne
420 1387 540 1468 quiade
560 1396 669 1449 eaetero
683 1388 714 1449 in
729 1388 844 1466 aulis„
863 1387 915 1450 sed
933 1390 1076 1452 duntaxat

100 1501 115 1537 n
141 1477 172 1540 in
187 1477 320 1540 ecelesiis
331 1477 361 1538 in
374 1476 485 1557 quibus
495 1484 565 1538 sunt
574 1475 612 1537 ad
624 1475 682 1538 boe
696 1475 792 1538 fontes
801 1478 967 1558 specialiter
975 1478 1076 1559 dapun

101 1588 117 1626 r
141 1567 231 1640 tati..,
255 1565 363 1628 audeat
382 1565 555 1646 baptizare»
577 1583 665 1646 :quaa
688 1566 779 1628 verba
797 1565 903 1627 audeat
927 1566 1075 1647 baptizare

102 1657 173 1718 satis
186 1654 319 1718 indicant
332 1673 420 1737 grave
433 1673 498 1717 esse
513 1661 709 1736 praeceptum.

517 1827 598 1892 ΛΒΤ.
622 1827 667 1894 IV.

400 1971 438 2020 ut
458 1972 599 2020 enatuere
627 1973 776 2024 nnnrrsrn.

141 2111 231 2173 3293.
248 2108 424 2186 Subiectum
441 2107 581 2188 Baptismi
598 2113 643 2169 est
656 2107 737 2170 solus
750 2107 842 2170 homo
856 2127 975 2186 vivens,
997 2127 1075 2173 nnn·

100 2197 176 2262 dum
201 2197 388 2281 baptizatus:
407 2203 452 2259 est
473 2195 600 2259 deiide.
627 2197 750 2276 (Corruit.
773 2197 920 2274 Trident,
937 2217 1010 2262 sess.
1034 2204 1073 2275 ὅ,

104 2305 175 2350 can.
190 2290 234 2365 t.)

143 2381 174 2440 it
190 2375 294 2460 Yaiidd
309 2375 495 2457 baptizantur
508 2374 636 2437 infantes
657 2381 686 2436 et
699 2377 843 2457 perpetud
857 2383 1007 2455 amentes,
1023 2381 1074 2460 qni

101 2483 261 2547 nunquam
289 2483 379 2528 usum
406 2463 529 2526 rationis
555 2463 741 2539 babuerunt3
766 2465 790 2525 si
814 2465 884 2526 verb
914 2466 1074 2548 aliquando

100 2555 217 2620 ratione
231 2555 277 2617 usi
296 2554 425 2631 fuerint,
442 2572 504 2616 non
528 2553 604 2614 valet
625 2569 730 2615 eorum
753 2553 941 2632 Baptismus,
963 2555 986 2614 si
1006 2563 1075 2617 ante

99 2645 264 2706 amentiam
285 2662 347 2706 non
368 2644 537 2725 petiverint.
558 2645 601 2704 lta
622 2643 653 2705 S.
676 2641 812 2723 Lignor.,
828 2640 880 2702 lib.
898 2645 936 2721 6,
957 2653 990 2703 n⁰
1005 2648 1066 2706 itt.

99 2733 177 2796 Vide
192 2751 281 2814 supra
292 2735 403 2810 (aaut).

140 2827 231 2884 3294.
241 2826 323 2884 -20
338 2819 524 2902 Regulariter
537 2838 628 2883 nemo
642 2825 686 2882 est
699 2817 896 2901 baptizandus
913 2827 1073 2904 antequam

97 2910 234 2994 perfecte
247 2911 286 2973 sit
299 2918 388 2972 natus
399 2929 407 2970 ι
418 2911 442 2970 si
453 2917 554 2972 tnnren
569 2917 647 2970 esset
661 2911 766 2971 mortis
780 2910 963 2992 perieulum,
975 2911 1073 2993 bapti-

97 3002 158 3062 rari
169 2998 303 3074 deberet,
314 3007 346 3061 ut
355 2998 585 3080 supradiximus
595 3000 695 3077 (aaut)
707 2999 811 3060 saitem
825 2999 1072 3079 subeunditinne,

97 3089 170 3151 lieet
183 3088 260 3152 ieret
272 3087 371 3150 adhue
386 3088 519 3150 inclusus
542 3087 573 3150 in
591 3095 677 3150 utero
695 3088 818 3166 matris,
834 3089 925 3151 modd
940 3108 1017 3171 aqrra
1035 3090 1072 3151 ad

96 3195 171 3240 eum
186 3180 343 3260 pervenire
354 3177 474 3239 valeret.

138 3269 230 3330 3295.
244 3301 283 3314 -
296 3271 328 3328 3·
343 3266 494 3346 Quidquid
511 3264 591 3329 dicat
604 3265 715 3329 Natalis
731 3265 815 3329 Alex.
836 3265 881 3346 (dr
899 3265 1071 3346 baptismo),

95 3373 162 3419 non
184 3356 346 3437 requiritur
368 3357 399 3416 in
419 3353 489 3417 toetu
511 3356 645 3418 abortivo
663 3373 784 3437 signum
809 3355 930 3417 evidens
951 3355 1017 3414 vitre
1040 3360 1072 3417 ut

95 3445 194 3528 possit
215 3444 376 3526 baptizari,
391 3443 443 3506 sed
461 3451 504 3506 est
528 3444 743 3525 baptizandus,
763 3444 867 3506 satiem
889 3442 945 3504 sub
967 3442 1071 3504 eundi-

94 3533 198 3610 tione,
221 3534 339 3615 quoties
352 3532 436 3594 adest
450 3533 549 3614 atiqua
563 3534 765 3614 probabilitas,
790 3533 880 3594 etiarn
902 3531 1010 3606 tenuis,
1034 3530 1071 3595 de

94 3619 279 3704 ipsiuavitt;
296 3621 420 3702 proinde
429 3621 593 3704 baptizandi
603 3630 684 3695 sunt,
696 3627 799 3684 saitem
813 3621 869 3683 sub
886 3622 1070 3700 conditione,

95 3725 209 3774 omnes
219 3709 308 3773 ioetus
317 3710 462 3786 abortivi,
476 3711 502 3773 si
514 3713 647 3786 aliquem
660 3719 777 3773 motum
792 3711 912 3773 vitalem
925 3709 1069 3789 habant,
