2522 3996
452 303 537 350 crura
557 303 676 349 rnruus.
901 343 912 351 .
1013 288 1045 350 ut

78 399 209 482 parocho
218 399 417 476 cathedralis,
429 399 666 482 nequeparocho
676 398 727 462 uhi
738 397 851 462 adesset
860 399 1052 481 sepulchrum

77 491 240 570 majorum.
258 492 289 552 S.
305 491 338 552 C.
355 489 490 552 Concilii.
506 491 548 550 lta
568 489 719 562 Ferraris,
736 499 766 550 ν’
777 488 936 562 Poroclms,
952 497 1007 552 art.
1021 495 1050 553 3.

116 580 198 641 Noto
212 579 311 644 adhuc
325 577 407 662 quod
425 577 602 660 «parochus
620 578 764 640 violenter
782 579 902 660 rapiens
922 579 968 640 vel
983 598 1054 660 spo·

77 691 92 727 n
117 668 197 730 lians
219 669 311 731 sunus
338 674 501 750 antequam
518 667 616 728 veniet
634 667 672 729 ad
692 685 801 729 manus
815 685 921 730 corum
945 668 1055 748 quihus

77 780 92 816 n
118 757 259 834 debetur,
275 757 435 839 perditius
449 755 531 838 quod
544 755 634 818 habet
647 755 684 818 ad
708 763 845 839 quartam
859 758 1054 833 canonicam,

78 869 94 906 n
117 853 301 929 teneturque
320 847 477 910 restituere
495 863 567 907 cum
589 863 714 926 corpore
732 843 881 926 quidquid
902 845 1052 925 accepit...

80 955 95 994 c
120 935 171 997 Sic
179 935 332 1016 pluriesS.
345 937 479 1016 Congr.»
492 933 633 1010 Ferraris‚
644 943 673 995 v⁰
684 933 846 1010 Porcellus,
855 940 910 996 art.
922 938 951 1008 3,
964 936 1053 995 n⁰35.

121 1027 213 1088 rrae.
236 1023 361 1086 Praelata
374 1023 519 1104 legislatio
533 1023 564 1084 in
576 1021 670 1084 Gallie
683 1023 755 1084 olim
770 1021 996 1098 observabatum
1014 1023 1056 1085 sic

80 1112 165 1174 enim
181 1112 290 1194 legitur
302 1111 382 1194 apud
397 1111 549 1174 Memoircs
564 1110 602 1172 du
618 1111 738 1192 Clerpd,
753 1119 827 1174 tom.
849 1115 885 1187 3,
901 1111 958 1173 col.
977 1116 1054 1174 ltu:

85 1223 101 1260 r
120 1201 201 1263 ll'est
214 1220 274 1264 unc
286 1201 443 1283 discipline
458 1217 547 1274 reque
561 1219 689 1282 presque
699 1200 1005 1280 generalementdans
1015 1201 1056 1262 les

80 1311 96 1348 n
122 1289 245 1370 eglises,
261 1309 321 1372 quc
335 1291 378 1352 les
392 1291 480 1352 cures
494 1290 545 1370 qui
561 1296 614 1352 ont
631 1288 755 1352 conduit
768 1287 843 1350 dans
857 1289 970 1370 l'e'glisc
983 1289 1055 1351 d'un

80 1401 95 1436 n
109 1370 296 1440 'monestere
309 1378 353 1441 les
366 1398 454 1460 corps
467 1377 519 1440 des
533 1377 682 1441 hahitants
695 1379 747 1459 qui
762 1398 781 1460 y
795 1384 848 1440 ont
863 1378 911 1440 clu
927 1378 993 1440 leur
1007 1380 1057 1440 se-

81 1489 96 1526 n
123 1468 260 1549 pultare,
275 1475 431 1549 pentagont
443 1487 497 1548 par
511 1468 613 1530 moitie
627 1466 747 1530 avcclcs
760 1467 905 1548 religieux
919 1467 962 1529 les
976 1467 1059 1528 llant-

83 1578 98 1616 a
122 1555 222 1618 henam
237 1563 266 1617 et
277 1563 377 1618 autres
391 1555 574 1618 luminaires
586 1557 609 1618 ll
624 1575 643 1636 y
661 1556 870 1618 aneanmoins
884 1555 937 1617 des
951 1557 1058 1635 eglises

83 1667 98 1704 c
122 1647 164 1707 oh
180 1645 242 1706 l’on
257 1646 327 1706 n'en
339 1645 441 1707 donne
455 1663 513 1727 quc
525 1645 554 1707 la
567 1643 734 1726 quatrieme
744 1645 839 1726 partie
853 1661 911 1705 aux
924 1647 1022 1706 cures.
1039 1667 1054 1704 n

84 1732 160 1795 Vide
175 1733 290 1810 Andre,
306 1742 335 1796 ν’·
350 1734 470 1810 Ouartc.

124 1823 206 1884 Dicit
224 1829 325 1884 tamen
340 1824 460 1904 Ficum,
476 1824 556 1904 apud
574 1825 715 1906 Lequeux
731 1825 775 1902 (n0
789 1828 863 1899 977,
879 1821 983 1903 regula
997 1825 1057 1903 4¹),

84 1911 221 1973 hmultis
235 1912 353 1974 saeculis
365 1912 545 1975 obsolevisse
560 1913 761 1995 supradictam
777 1919 924 1995 quartam.

126 2003 217 2062 1430.
240 2001 361 2072 Quaerit.
380 2005 418 2062 <3⁰
442 2001 518 2074 Quid
535 2002 727 2064 sentiendum
749 2003 787 2065 de
808 2001 898 2064 modo
913 2001 1058 2066 hodierno

84 2088 271 2171 procedendi
292 2090 322 2150 in
345 2089 457 2164 Gallia,
481 2091 603 2170 quando
621 2110 746 2172 corpora
769 2091 956 2172 sepeliuntur
977 2101 1059 2155 extra

84 2178 241 2260 propriam
256 2177 429 2260 parochiam
437 2178 588 2241 l-Hodie
597 2181 678 2242 enim
688 2181 718 2241 in
729 2180 832 2253 Gellia,
844 2179 947 2242 sallem
956 2181 986 2241 in
996 2183 1059 2262 plu-

85 2267 171 2329 ribus
194 2265 394 2344 dioecesibus,
414 2269 438 2328 si
457 2267 600 2330 cadavera
615 2269 674 2330 sint
692 2275 774 2330 extra
792 2269 964 2351 parochiam
990 2289 1059 2350 pro-

85 2356 186 2436 priam
200 2355 394 2432 tumulanda‚
411 2357 558 2437 parochus
579 2357 636 2420 loci
657 2360 723 2420 eae
744 2358 835 2420 domo
853 2375 960 2419 eorum
983 2358 1060 2421 lexat

85 2444 164 2506 stola
180 2443 303 2506 indutus
323 2463 393 2506 cum
416 2445 604 2507 caeremoniis
622 2447 791 2521 consuetis,
814 2445 939 2528 ipseque
960 2449 1059 2509 statim

85 2551 159 2594 cum
173 2531 313 2596 cantuari
326 2534 478 2614 propriam
492 2533 648 2596 ecclesiam
660 2535 753 2610 ducit,
768 2553 804 2597 ex
818 2537 889 2614 qut,
900 2534 938 2595 eb
952 2535 1060 2598 eodem

86 2620 166 2684 iacta
189 2621 376 2685 absolutione
395 2641 486 2704 super
505 2623 595 2703 ipsc,
614 2629 672 2685 ‘aut
691 2623 781 2685 etiam
801 2622 950 2684 celebrata
970 2625 1061 2686 misse

86 2710 265 2792 exsequiali,
276 2709 386 2772 deinde
398 2709 574 2773 deseruntur
584 2729 680 2792 usque
694 2711 731 2772 ad
745 2710 856 2771 limites
865 2710 1014 2790 parochiae
1028 2713 1059 2774 in

86 2802 150 2880 qud
170 2807 242 2860 sunt
267 2798 457 2880 sepelienda,
484 2799 586 2882 ihiquc
610 2799 769 2862 traduntur
795 2799 903 2860 rectori
924 2799 1060 2879 eiusdem

86 2895 141 2950 aut
150 2887 244 2968 ipsius
257 2886 411 2968 delegato,
428 2889 446 2950 h
462 2907 522 2970 quo
536 2888 712 2952 deseruntur
726 2888 758 2948 in
778 2888 936 2950 ecclesiam
950 2888 1002 2950 ubi
1017 2888 1031 2950 l
1049 2927 1061 2937 -

88 2976 203 3038 neralia
223 2983 294 3039 sunt
307 2976 487 3058 peragenda.
503 2979 607 3039 Funus
621 2985 722 3040 autem
735 2975 855 3040 ducitur
868 2979 886 3039 a
899 2977 990 3040 domo
1007 2977 1060 3041 dc·

89 3063 185 3126 iuncti
204 3083 302 3145 usque
320 3063 358 3126 ad
371 3063 480 3128 limites
495 3065 624 3148 propriae
638 3065 786 3147 parochiae
799 3066 856 3129 sub
869 3085 958 3129 cruce
973 3085 1060 3148 puro·

89 3153 166 3216 chiae
192 3153 297 3222 iscius,-
320 3153 468 3217 thnihus
492 3157 562 3218 vcrd
589 3155 737 3237 parochiae
764 3174 860 3238 usquc
890 3155 929 3218 ad
960 3156 1060 3219 locum

89 3240 252 3322 sepulturae
267 3241 385 3304 ducitur
398 3242 455 3305 suh
468 3261 558 3306 cruce
567 3245 701 3308 ecclesiae
714 3245 899 3307 tumulantis.
913 3247 1061 3309 Consucta

89 3329 297 3392 emolumenta
316 3337 379 3394 tam
399 3333 520 3414 proprio
538 3333 669 3415 parocho
686 3337 779 3416 quem
799 3333 905 3396 rectori
926 3335 1061 3400 ecclesiae

89 3419 268 3480 tumulantis
279 3419 538 3500 persolvuntur.-
546 3423 694 3494 Quaeritur
707 3441 780 3503 ergo
789 3441 827 3484 an
838 3422 1062 3503 haecriteegan·

90 3515 155 3580 tur,
169 3515 201 3570 et
221 3525 261 3570 an
276 3507 408 3588 legitime
426 3510 520 3591 possit
531 3511 611 3591 exigi
631 3510 741 3591 duplex
756 3510 939 3590 stipendium
954 3510 1032 3590 pres
1048 3543 1061 3555 -

93 3599 174 3671 tum,
192 3613 288 3658 unum
308 3614 417 3679 nempe
430 3615 486 3679 pro
503 3599 634 3680 parocho
646 3597 791 3661 domicilii
809 3605 841 3660 et
857 3597 984 3658 alterum
1007 3612 1063 3674 pro

95 3691 209 3748 rectore
221 3684 358 3750 ecclesie
369 3685 571 3752 cumulantis?

913 3777 964 3838 22⁸
