2522 4028
203 234 261 300 286
421 249 558 298 mundun
577 251 678 298 rorrus
697 252 779 298 rurus
800 249 946 298 muourcr.

202 355 346 413 natusest
366 351 406 413 ob
425 359 539 413 metum
561 369 682 432 gravem
703 350 813 430 injuste
836 351 1013 428 incussum,
1033 349 1088 412 sed
1101 368 1179 412 cum

202 439 304 500 animo
317 438 432 502 ordinis
446 437 639 520 suscipiendi.

241 527 428 590 Probabiliirs
451 526 557 590 dicunt
575 527 677 610 piures
694 545 765 591 eum
786 545 849 592 uon
872 528 986 602 teneri,
1012 528 1066 592 sui
1079 528 1181 590 valide

201 634 290 698 posse
303 616 530 678 matrimonium
537 617 714 680 contrahere
724 617 797 694 (non
806 633 895 698 posse
906 623 1009 680 umen
1020 617 1051 678 in
1063 616 1181 680 Ordine

202 703 384 782 ministrari,
399 709 554 768 contracto
568 705 776 783 matrimonio,
792 723 893 787 neque
906 705 1069 788 privilegiis
1086 703 1181 768 ulari-

202 795 287 856 cutds
296 793 457 874 gaudentur
473 793 650 874 quieveritis
663 799 817 856 estrotum
831 811 869 856 ex
883 795 963 874 gravi
972 803 1055 857 metu
1066 794 1181 856 initum

203 900 265 944 nou
281 881 389 945 valere.
406 884 473 944 Non
487 887 588 944 autem
603 883 669 944 talis
682 882 837 944 ordinatus
850 881 940 944 debet
949 881 1181 944 matrimonium

203 970 396 1048 contrahere,
414 970 584 1032 inconsulto
606 971 775 1053 Episcopo:
800 972 852 1052 qui
867 973 958 1033 etiam
976 971 1073 1053 poenis
1087 989 1183 1032 eano-

204 1057 280 1120 niois
296 1067 390 1140 potest
402 1058 576 1138 hujusmodi
590 1059 817 1122 matrimonium
840 1059 1018 1142 prohibere,
1041 1077 1103 1122 nou
1125 1078 1181 1121 ex-

204 1151 320 1228 peetattt
342 1149 397 1210 sud
416 1147 573 1210 sententia.
591 1147 716 1210 -Vide
735 1147 941 1211 Protectioues
959 1147 996 1210 S.
1020 1147 1180 1230 sulpitii,

205 1243 239 1296 n⁰
253 1239 323 1300 306.

245 1325 403 1389 Praefatam
430 1327 609 1390 sententium
633 1325 762 1388 iimitaut
783 1325 1048 1401 Salmantioenses,
1063 1331 1137 1401 eta,
1153 1327 1181 1388 si

205 1420 327 1496 postea,
343 1421 459 1477 remoto
472 1423 565 1488 metu,
582 1415 802 1478 ordinationem
813 1413 985 1492 ratificaret,
1000 1423 1053 1476 aut
1065 1414 1180 1492 verbis,

206 1510 258 1565 aut
271 1509 339 1566 autu
354 1503 508 1566 inordina
522 1503 737 1582 ministrando,
748 1502 839 1565 modo
854 1504 927 1565 soiat
940 1511 971 1566 et
983 1503 1114 1564 advertat
1124 1521 1183 1583 per

206 1591 378 1672 hujusmodi
395 1598 516 1670 uotum,
531 1592 581 1653 tali
591 1592 764 1672 obligationi
779 1610 811 1653 se
824 1591 983 1671 subjicere.
1001 1591 1179 1654 Consultum

207 1687 252 1743 est
265 1690 365 1744 autem
380 1682 411 1742 iu
426 1681 484 1744 hoo
500 1699 571 1743 cusu
586 1688 619 1743 ut
632 1679 815 1762 dispensatio
828 1681 1008 1744 obtineatur.

247 1771 277 1831 Si
294 1778 391 1832 metus
401 1770 480 1848 juste
495 1769 697 1846 incuteretur,
718 1769 827 1830 meiiirs
847 1771 981 1832 sentiunt
998 1769 1051 1850 qui
1071 1769 1180 1831 dicunt

207 1858 297 1920 talem
311 1857 482 1919 ordinatum
496 1857 534 1918 ad
547 1858 763 1920 continentiam
777 1864 851 1921 tuno
865 1877 930 1921 esse
944 1857 1120 1940 obtigatum.
1141 1890 1176 1903 -

209 1949 240 2009 S.
257 1945 382 2027 Iduum,
397 1944 448 2006 lib.
465 1949 505 2025 6,
521 1949 638 2008 u⁰811.

306 2265 313 2318 i
