2550 3992
201 203 260 266 otu
424 218 562 268 amunta
581 217 685 266 conos
704 213 785 266 sunu
805 211 955 264 oluomcr.

200 320 331 382 adhaeret
345 319 376 383 S.
396 319 555 400 Liguorius
578 317 671 380 iretua
684 316 859 380 auctoritate
874 310 1028 376 Benedicti
1043 311 1110 373 xlv
1126 309 1180 388 (De

201 408 329 492 synodo,
349 409 401 471 lih.
419 413 458 483 8,
473 427 501 472 o.
527 409 594 485 ill:
611 406 686 468 ratio
708 412 754 468 ert
771 405 843 487 quia
861 421 923 467 non
943 402 1010 464 licet
1023 396 1181 482 cooperari
1262 401 1263 480 i

203 505 325 580 peccato
338 497 479 574 alterius,
494 503 584 576 prout
598 495 709 558 laceret
722 494 772 556 hic
785 491 937 576 parochus
949 492 1038 570 cujus
1052 505 1182 570 prasen-
1262 495 1263 514 l

202 586 242 648 tia
255 594 300 648 εει
319 585 487 649 necessaria
505 583 649 647 etiamad
669 581 851 646 matrimonii
865 579 1063 651 validitatem,
1080 574 1180 656 etqui

202 675 291 738 etiam
309 675 471 754 exjustitia
485 679 604 736 tenetur
622 673 708 735 saluti
723 670 972 734 contrahentium
989 665 1179 730 incumbere.

203 763 288 835 Ouod
303 771 403 826 aulem
417 763 548 826 diximus
561 761 600 824 de
614 759 763 843 parocho,
779 759 918 841 inquit'S.
930 758 1066 840 Lignum,
1082 753 1182 816 dicen-

130 890 133 900 ·
203 850 277 915 dum
296 861 340 916 est
358 854 447 915 etiam
466 851 504 913 de
524 850 663 926 testibus,
679 850 730 930 qui
750 855 851 912 umen
874 848 946 912 salis
966 850 1183 908 excusarentur

203 944 360 1023 lpeocato
380 942 404 1003 si
435 941 606 1002 assisterent
627 946 709 1001 metu
734 939 815 1020 graui
835 937 951 1012 coacti,
972 937 1044 998 cirm
1068 931 1127 1014 ipai
1149 949 1182 994 ex

204 1030 345 1094 charitate
378 1031 496 1090 tantbrn
525 1036 683 1092 teneantur
716 1033 874 1109 peccatum
902 1023 1062 1107 impedire.
1093 1021 1184 1083 Paro·

204 1119 279 1182 chus
293 1126 392 1180 autem
407 1118 541 1180 excusari
556 1125 653 1200 potest
670 1116 709 1180 ad
726 1115 878 1180 vitandam
896 1123 1044 1187 mortem,
1065 1109 1115 1174 rel
1129 1111 1184 1174 alia

204 1207 339 1288 graviora
353 1205 431 1268 mala
449 1207 690 1284 communitatis,
706 1204 751 1268 vel
766 1205 902 1286 ipsorum
920 1200 1183 1275 contrabentium,

205 1303 277 1377 puta
292 1314 330 1358 ne
344 1295 400 1377 ipsi
416 1303 605 1377 perseverent
620 1295 651 1358 in
667 1302 788 1378 peccato
799 1313 808 1370 ;
821 1294 902 1356 unde
914 1309 985 1355 curn
997 1291 1080 1370 iusta
1095 1293 1184 1353 caust

171 1397 173 1402 ’
205 1383 377 1464 hujusmodi
390 1384 504 1467 nuptiis
518 1385 656 1447 assistere
667 1379 1015 1466 possuntparochi.Vide
1024 1381 1183 1462 tequeux,

209 1481 243 1534 n·
257 1478 326 1537 687.

246 1566 299 1625 {iti
307 1567 336 1626 6.
353 1564 502 1627 Caeteriun
516 1581 578 1625 non
592 1568 638 1624 est
650 1561 779 1625 dubium
793 1561 868 1644 quin
881 1565 1019 1624 teneatur
1033 1559 1186 1642 parochus

207 1671 310 1716 arcere
324 1655 340 1714 h
355 1652 549 1715 matrimonio
563 1669 615 1714 eos
632 1652 683 1733 qui
704 1651 846 1734 ignorant
865 1649 1032 1712 doctrinam
1053 1648 1188 1711 christia·

209 1760 279 1804 nam
299 1761 306 1804 :
327 1743 391 1803 mm
414 1761 475 1804 eom
494 1739 596 1803 deinde
612 1789 619 1810 ‚
638 1739 735 1822 inquit
757 1739 875 1802 Rituaie
896 1740 1091 1810 Romanum,
1108 1737 1187 1818 filios

207 1851 270 1892 soca
290 1830 388 1892 docere
409 1830 550 1900 debeam,-
566 1847 623 1891 nec
644 1828 751 1892 debeat
774 1827 936 1910 procedere
950 1826 988 1888 ad
1012 1826 1187 1888 bannorum

208 1919 492 2002 proclamationem,
507 1919 530 1982 si
551 1936 602 1980 eos
627 1936 688 1980 non
703 1919 848 1998 repererit
860 1915 1045 1980 sufficienter
1061 1915 1185 1978 instnro
1262 1957 1263 1976 i

207 2013 255 2070 tos
275 2010 306 2069 in
329 2008 507 2070 rudimentis
527 2007 608 2070 fidei.
626 2009 667 2070 ita
682 2007 713 2069 S.
729 2007 879 2088 congreg.
899 2005 999 2068 babila
1021 2022 1128 2068 coram
1140 2006 1186 2066 in-

125 2103 129 2110 '
209 2115 277 2159 noc.
294 2099 357 2172 iiii,
373 2115 454 2158 anno
467 2101 554 2171 16973
569 2096 650 2178 quod
665 2095 720 2158 luit
734 2095 948 2158 confirrnatum
958 2093 1188 2158 tClementeXI

208 2192 240 2248 et
266 2185 379 2247 Bened.
404 2187 481 2248 xiv,
507 2184 582 2246 Vide
596 2185 641 2248 De
665 2183 792 2268 Synodo,
814 2184 866 2246 lib.
888 2188 927 2260 8,
942 2201 1010 2265 cap.
1028 2187 1088 2260 it,
1105 2185 1187 2258 n'33

208 2274 240 2336 S.
257 2274 335 2354 big„
351 2273 402 2335 lib.
418 2276 454 2347 6,
472 2277 577 2352 n⁰51r;
596 2273 723 2337 Ordonn.
741 2272 923 2347 deVoiencc,
939 2291 970 2355 p.
989 2275 1116 2335 402-
1130 2270 1189 2334 Sed

210 2381 316 2427 corum
329 2364 466 2425 executio
480 2381 561 2446 saepe
574 2381 700 2444 magnas
710 2363 820 2445 patitur
829 2361 1017 2424 difficultates
1026 2360 1110 2442 apud
1121 2379 1187 2424 nos.

249 2455 338 2515 3217.
362 2453 435 2514 item
456 2455 538 2514 certd
561 2452 684 2534 parochi
705 2460 846 2514 tenentur
868 2469 906 2514 ex
919 2449 1017 2512 officio
1034 2449 1190 2531 inquirere

209 2561 248 2607 on
263 2543 358 2606 subsit
372 2541 638 2624 impedimentum;
650 2547 681 2604 et
693 2540 717 2603 si
730 2539 922 2622 probabiliter
937 2539 1009 2602 illud
1023 2539 1132 2601 adesse
1142 2541 1191 2619 iu·

211 2633 331 2708 dicent,
346 2639 487 2693 tenentur
514 2647 600 2693 suam
623 2629 821 2692 assistentiam
840 2628 991 2710 denegare
1014 2635 1045 2690 el
1069 2633 1190 2711 nuptias

210 2731 324 2799 vetare,
340 2722 438 2784 donec
457 2719 561 2782 saitem
584 2737 638 2801 per
652 2718 846 2782 ordinarium
866 2717 1046 2782 decernatur
1063 2717 1140 2797 quid
1153 2718 1190 2781 sit

212 2811 372 2891 agendum.
396 2813 438 2872 ita
461 2811 491 2872 S.
516 2810 651 2890 Liguor.,
673 2806 745 2870 idid.
758 2829 769 2879 ,·
784 2807 937 2885 Garribre,
956 2806 1184 2888 Compendimn.

212 2907 245 2961 n·
261 2905 330 2977 987,
346 2907 403 2962 eto.

252 2993 340 3052 32¹8.
364 2989 487 3060 Quaerit.
503 2991 536 3051 e·
551 2989 599 3050 An
616 2986 642 3050 si
664 3001 745 3050 rmus
762 3003 943 3069 sponsorum
957 2984 995 3048 sit
1009 2983 1133 3068 publice
1148 2985 1190 3046 in·

214 3079 344 3158 diguus,
360 3075 453 3157 possit
475 3077 549 3139 alter
569 3076 796 3138 matrimonium
810 3095 883 3140 cum
897 3077 963 3159 ipso
977 3076 1055 3137 inire
1068 3083 1099 3137 et
1115 3091 1188 3138 con·

214 3172 377 3247 sequenter
391 3165 618 3228 Sacramentum
627 3165 655 3228 ei
670 3163 861 3228 ministrare?

252 3257 342 3334 Resp.
367 3251 530 3332 indignitas
557 3254 715 3335 provenire
731 3263 830 3337 potest
851 3255 897 3318 vei
917 3253 957 3318 ob
976 3253 1189 3318 excummuni-

215 3345 381 3417 cationam,
395 3343 440 3404 vel
456 3343 495 3404 ob
509 3344 635 3406 mortale
650 3351 808 3426 peccatum
823 3365 832 3407 ι
847 3347 872 3407 si
887 3345 986 3427 priirs,
998 3344 1044 3406 rel
1059 3361 1191 3426 sponsus

214 3441 256 3494 est
272 3431 410 3494 vitandus
423 3440 453 3494 et
466 3438 538 3494 tunc
551 3435 632 3494 certe
645 3433 782 3495 illicitum
800 3441 844 3496 est
856 3451 927 3498 cum
940 3451 978 3494 eo
992 3432 1188 3511 contrahere,

214 3519 286 3601 quia
301 3538 361 3581 non
376 3519 445 3582 licet
458 3521 682 3583 communicare
698 3523 728 3583 in
743 3539 776 3584 rc
789 3526 873 3585 saort
890 3539 962 3585 cum
975 3521 1189 3584 excommuni-

215 3615 281 3668 cato
302 3607 446 3686 vitando;
470 3609 517 3672 rei
538 3615 584 3670 est
605 3609 767 3690 toleratus,
789 3617 820 3674 et
838 3619 914 3674 tunc
933 3609 1121 3690 probabilius
1142 3613 1188 3674 eat
