2486 3984
202 191 255 255 tlt
359 247 363 254 .
421 213 559 258 anxurus
578 212 679 260 nonus
699 213 781 260 roaxs
800 211 949 259 cxnoxrcr.

242 319 275 379 3⁰
288 309 503 394 Stuceptioaem
516 311 673 376 ordinum:
687 312 769 396 quod
783 311 985 376 communiter
999 313 1174 400 intelligitur

203 405 291 466 etiam
304 402 343 466 de
356 405 490 466 tonsura.
509 402 582 466 Vide
595 405 626 466 S.
638 405 774 485 Lignor..
789 403 841 466 lib.
857 407 887 478 t,
905 411 939 464 n⁰
952 405 1023 466 342.

242 495 279 555 Et
290 498 322 555 tt
331 502 525 574 susceptorum
540 512 623 553 usum
633 491 799 574 impediens.
812 493 879 554 Non
888 498 990 554 tamen
1002 492 1172 575 irregulari-

199 590 287 655 tates,
303 581 364 644 sola
381 581 554 644 auctoritate
568 583 708 644 Ecclesiae
723 582 875 654 institutae,
887 580 1058 662 impediunt
1072 603 1172 669 recep

203 671 314 735 tionem
330 671 376 733 vel
405 670 580 733 exercitium
605 670 747 732 ordinum
776 669 875 752 quoad
898 668 1101 751 validitatem,
1122 676 1174 738 sed

202 760 302 843 quoad
318 761 474 822 liceitatem
489 758 633 822 duntaxat
649 779 656 820 ε
672 759 753 822 unde
767 757 906 822 sacerdos
919 758 1104 840 irregularis,
1119 767 1173 828 etsi

203 849 319 922 illicite,
337 849 431 912 aalide
445 857 546 910 tannen
567 849 706 925 absolvit,
722 850 845 910 missam
859 847 1006 924 celebrat,
1022 857 1052 912 et
1064 860 1174 916 caetera

202 945 388 1002 sacramenta
405 938 601 1001 administrat.
625 938 699 1000 Vide
718 941 749 999 S.
765 938 906 1020 bignon,
931 935 983 998 lib.
1001 941 1032 1014 7,
1052 952 1083 1001 n·
1100 945 1172 1006 342.

243 1032 331 1090 illd.
348 1027 400 1089 llis
414 1027 627 1109 posterioribus
641 1027 755 1089 verbis:
771 1026 986 1108 susceptionem,
999 1034 1070 1102 etc,
1083 1029 1170 1114 impe

201 1115 293 1194 dicus,
309 1117 510 1197 irregularitas
523 1116 716 1197 distinguitur
730 1116 893 1198 praesertim
909 1117 1085 1186 accusaris,
1102 1141 1173 1202 quaa

202 1214 272 1268 sunt
295 1224 392 1286 prenae
410 1205 603 1268 medicinales
623 1213 654 1266 et
667 1205 835 1287 impediunt
854 1204 976 1286 quidem
995 1207 1170 1273 exercitium

202 1293 390 1358 lunctionum
410 1295 698 1369 ecclesiasticarum,
722 1295 774 1356 sed
796 1312 857 1355 non
879 1293 991 1356 directe
1014 1314 1068 1376 per
1087 1315 1122 1361 se
1142 1307 1169 1362 el

202 1402 320 1464 semper
334 1383 501 1466 impediunt
514 1384 734 1464 susceptionem
748 1382 906 1458 ordinum;
922 1382 1003 1446 unde
1017 1385 1122 1448 lnnoc.
1132 1391 1169 1450 ΠΙ

202 1474 400 1554 interrogatus
410 1472 483 1554 quid
498 1469 711 1551 intelligeretur
722 1472 844 1534 nomine
857 1489 1004 1539 censura.
1014 1477 1168 1555 respondit

200 1562 282 1644 quint
300 1586 315 1622 a
330 1581 382 1644 per
395 1580 473 1638 eam,
493 1581 554 1624 non
566 1561 663 1623 solium
678 1559 842 1636 interdicti,
858 1560 910 1622 sed
921 1563 1127 1642 suspensionis
1140 1575 1171 1629 et

200 1653 519 1716 excommunicationis
539 1650 686 1713 sententia
708 1649 803 1712 valeat
822 1649 993 1730 intelligar>
1022 1651 1096 1713 nihil
1117 1655 1170 1717 do-

199 1743 296 1805 cendo
309 1741 347 1802 dc
368 1741 595 1821 irregularitate,
615 1757 682 1819 quae
695 1737 821 1820 proinde
836 1739 894 1800 dici
909 1758 969 1800 non
986 1747 1080 1821 potest
1093 1761 1168 1806 cen.

200 1850 277 1900 sura,
295 1839 325 1891 et
335 1833 434 1891 rexerit
450 1847 511 1890 nnn
526 1835 570 1890 est
584 1845 672 1908 plana
685 1829 804 1908 proprie
818 1827 908 1890 dicta.
922 1829 1050 1900 Quidam
1063 1837 1167 1896 lamen

200 1919 446 1999 irregularitatem
471 1917 548 1979 inter
575 1934 716 1978 censuras
736 1923 915 1992 recensent,
940 1923 973 1980 ut
997 1917 1097 1982 videre
1123 1931 1168 1986 est

199 2027 246 2089 ap.
264 2012 295 2070 S.
307 2009 426 2087 Lignor.
444 2005 510 2084 (lib.
526 2010 555 2077 7,
568 2014 600 2065 n·
613 2007 693 2082 3l⁹2b
709 2005 762 2066 sed
777 2006 925 2067 immerito
932 2007 1017 2086 Juxta
1029 2027 1168 2074 commu-

199 2097 314 2158 niorem
329 2105 358 2156 et
376 2093 604 2176 probabiliorem
619 2094 807 2155 sententiam.
825 2093 898 2155 Vide
912 2093 1029 2156 itidem.

238 2185 455 2256 irrubuerit.
470 2188 500 2244 l⁰
510 2186 556 2244 An
565 2183 641 2243 inter
651 2182 880 2262 irregularitates
890 2186 1036 2246 recenseri
1048 2187 1168 2267 possint

197 2293 231 2336 ea
246 2293 313 2354 quau
324 2275 392 2352 iuro
409 2273 510 2335 divino
524 2270 692 2352 impediunt
710 2272 910 2353 receptionem
924 2273 969 2334 vel
987 2277 1165 2340 exercitium

196 2363 348 2438 ordinum,
364 2369 454 2444 prout
466 2360 600 2424 deiectus
614 2359 764 2442 baptismi,
780 2379 868 2423 sexus
881 2359 1039 2442 femineus,
1055 2384 1164 2447 pecca

195 2457 259 2514 tum
286 2451 367 2514 etc?

236 2499 324 2622 llbsp.
348 2541 518 2603 Generatim
536 2537 594 2600 dici
621 2556 706 2618 posse
724 2539 806 2619 quod
821 2557 866 2614 ea,
892 2559 959 2621 quae
979 2541 1046 2619 iure
1059 2542 1164 2608 divino

195 2628 363 2712 impediunt
375 2629 576 2711 receptionem
593 2626 639 2688 vel
659 2628 832 2690 exercitium
852 2629 1009 2706 ordinum,
1025 2649 1087 2692 non
1100 2634 1164 2696 sint

194 2720 315 2801 pratprib
341 2718 582 2801 irregularitates,
606 2715 678 2777 cum
697 2715 766 2777 talia
790 2735 851 2778 non
873 2717 932 2778 sint
954 2717 1162 2800 impedimento

194 2809 329 2870 senonim
352 2805 755 2880 seddioioa;cb1ntamen
781 2823 815 2867 ea
842 2807 956 2887 possint
978 2825 1042 2869 esse
1069 2811 1162 2874 etiam

194 2897 409 2980 impedimenta
421 2894 572 2968 canonica,
587 2893 611 2954 si
631 2911 740 2974 nempe
760 2894 892 2956 Ecclesia
908 2895 1074 2976 specialiter
1086 2917 1160 2979 pro·

194 2985 292 3049 bibeat
307 2985 439 3066 recipere
452 2984 497 3044 vel
511 2999 648 3045 exercere
662 2982 782 3044 ordines
795 3001 866 3046 cum
879 2983 1049 3062 hujusmodi
1060 2985 1159 3068 impe-

192 3073 334 3138 dimentis
358 3073 434 3152 juris
466 3071 574 3147 divini,
596 3071 792 3133 nonaidelur
813 3071 917 3134 curin
940 3091 976 3135 eo
995 3093 1067 3137 casu
1095 3095 1158 3141 non

191 3169 369 3228 vocarentur
390 3161 628 3241 irregularitates.
654 3162 691 3221 Et
709 3163 810 3222 revera
830 3162 907 3223 inter
928 3161 1160 3248 irregularitates

191 3257 402 3334 computantur
415 3249 545 3312 amentia
558 3257 587 3311 et
599 3249 731 3312 delectus
751 3250 891 3318 scientiae.
907 3269 974 3331 que
988 3251 1076 3314 eliam
1087 3255 1159 3332 jure

190 3341 293 3405 divino
318 3337 484 3419 impediunt
508 3341 709 3421 receptionem
731 3339 775 3400 vel
805 3339 979 3401 exercitium
1001 3340 1156 3404 ordinum.
1237 3399 1238 3418 ,

190 3429 266 3492 Vide
287 3429 318 3492 S.
343 3429 460 3509 Liguor.
479 3427 542 3505 (lib.
566 3433 597 3505 Ἰ,
625 3428 666 3490 n¹·
689 3431 1031 3507 397-400).-.lttamen
1055 3433 1161 3510 qrtoad

190 3516 340 3582 delectum
354 3515 510 3600 baptismi,
529 3516 645 3580 videtur
658 3515 739 3598 quod
760 3517 813 3578 iste
834 3535 894 3578 non
908 3515 986 3578 bene
1005 3516 1160 3586 diceretur

192 3604 405 3690 lmeflutsrllttm
431 3601 502 3688 qula
526 3601 760 3686 impedimentum
782 3603 950 3667 canonicum
976 3611 1038 3668 non
1064 3603 1161 3673 debet
