2550 3992
410 253 494 306 arura
514 253 671 306 succubus.
969 235 1024 308 ddi

61 355 183 419 sumitur
196 356 288 422 tuisse
304 358 470 422 habendae
486 362 668 442 suscipiente
675 362 700 426 si
709 362 815 428 luisset
822 363 869 427 sul
881 379 1026 446 compos;

60 443 226 527 hujusmodi
241 453 427 511 sacramenta
440 456 526 512 sunt:
539 453 570 513 l⁰
580 452 858 530 Extrema-unctio,
869 459 904 517 ut
913 460 1030 518 constat

61 552 96 598 ex
110 535 231 596 llituoli
241 535 389 610 Romano,
404 537 457 600 ubi
475 537 584 602 dicitur
600 557 608 602 r
631 541 726 605 alico
741 543 971 606 Sacramentum
984 549 1030 606 est

62 645 77 682 ι
102 624 295 705 praebendum
316 625 454 689 sensibus
476 625 642 704 destitutis,
666 631 719 712 qui
737 637 825 694 antea
842 630 917 695 illud
935 632 1030 714 petie·

61 733 77 772 n
100 719 184 784 runt,
207 732 261 776 seu
279 715 487 778 vaisimila'ter
500 717 695 798 petiissent.»
716 718 844 782 2⁰ldem
866 727 911 781 est
929 719 1031 784 dicen·

61 800 133 864 dum
152 801 190 864 de
208 803 401 866 Sacramenta
420 803 662 870 Gonlirmationis
679 813 708 869 et
721 807 931 882 Eucharistiae,
944 809 1031 888 juxta

62 889 198 954 multost
212 893 244 954 S.
266 893 389 974 Liguor.
404 892 510 956 citatos
523 893 591 974 (lib.
611 899 642 971 6,
658 898 761 974 ciffi).
778 899 910 960 Numero
927 903 1030 960 autem

62 983 111 1057 85,
128 978 235 1043 dicitur
249 981 281 1043 iu
302 981 430 1045 eodem:
449 983 533 1056 «Qui
550 985 643 1046 sumit
661 984 808 1062 hostiam,
823 1004 916 1067 quam
936 986 1032 1050 nescit

63 1091 77 1128 n
102 1087 163 1132 esse
184 1077 407 1147 consecratam,
431 1073 504 1134 clrm
526 1073 621 1136 instar
642 1073 765 1137 alterius
786 1073 942 1154 animalis,
965 1075 1031 1138 siud

62 1183 77 1220 ι
101 1159 263 1222 intentione
281 1160 419 1224 sumendi
440 1163 689 1239 Sacramentum,
709 1169 823 1237 sumat,
843 1164 952 1246 accipit
966 1163 1033 1245 qui·

62 1272 77 1309 n
101 1247 168 1311 dem
181 1249 373 1311 materialiter
382 1267 446 1312 rem
458 1269 526 1331 quae
539 1257 583 1312 est
596 1252 842 1330 Sacramentum,
853 1271 915 1316 nou
929 1260 1031 1316 lamen

61 1363 77 1400 n
102 1337 352 1401 sacramentaliter
369 1345 399 1402 et
421 1356 492 1401 cum
512 1338 623 1402 fructu.
639 1341 685 1402 lte
700 1341 732 1404 S.
747 1340 896 1422 Thomas,
911 1360 981 1426 pars
999 1347 1030 1420 3,

62 1453 77 1488 a
102 1447 131 1510 q.
146 1431 206 1502 80,
224 1433 279 1489 art.
296 1429 327 1505 3,
342 1426 380 1489 ad
393 1431 424 1506 3,
439 1445 510 1491 cum
523 1429 620 1510 Lago,
641 1430 742 1508 Suae,
765 1429 909 1509 Groix...;
927 1439 1033 1494 contra

64 1537 77 1578 r
103 1515 230 1599 lulag,
249 1522 347 1594 etc...,
370 1535 502 1598 quorum
522 1515 702 1580 sententiam
722 1517 874 1581 immeritb
891 1519 1032 1601 probabi·

63 1631 78 1668 n
101 1607 159 1670 lem
171 1613 257 1670 vocat
269 1606 367 1668 Croix.
383 1628 399 1666 a
422 1605 480 1668 Sed
495 1605 526 1668 in
544 1625 615 1670 casu
629 1605 678 1670 hic
691 1624 850 1688 expresso,
865 1625 928 1670 non
950 1609 1034 1672 adest

63 1697 188 1760 intentio
206 1699 297 1760 etiam
308 1695 544 1778 interpretativa,
561 1697 633 1758 cum
653 1695 820 1778 suscipiens
836 1697 964 1779 supponi
980 1715 1033 1760 ne-

62 1793 151 1868 queat
171 1785 300 1849 voluisse
316 1785 361 1848 sio
381 1801 503 1847 sumere
515 1783 749 1862 Eucharistiam3
764 1802 852 1848 secus
870 1785 908 1848 de
925 1803 963 1848 eo
981 1785 1034 1868 qui

61 1875 303 1940 communicatur
316 1873 455 1936 sensibus
467 1873 625 1936 destitutus
638 1873 671 1934 iu
687 1872 813 1936 articulo
826 1874 940 1937 mortis.

102 1968 190 2027 arat.
213 1963 420 2026 communiter
441 1968 579 2024 auctores
599 1960 709 2025 docent
729 1963 929 2026 intentionem
942 1964 1034 2028 inter·

63 2055 235 2138 pietativum
259 2071 321 2116 non
341 2049 478 2114 sufficere
504 2051 542 2113 ud
563 2051 660 2114 valide
683 2049 909 2134 suscipiendum
934 2054 1036 2116 Sacra-

62 2149 163 2206 menta
177 2141 320 2224 Baptismi
346 2147 376 2203 et
395 2139 514 2202 Ordinis
532 2145 762 2202 :verumtamen
780 2140 883 2222 plures
902 2143 1036 2206 sentiunt

61 2232 99 2295 ad
114 2231 339 2312 suscipiendum
349 2229 539 2312 Baptismum
553 2229 689 2292 sufficere
703 2230 899 2293 intentionem
910 2231 1037 2314 implici-

63 2327 123 2384 tam
146 2325 320 2383 eontcutam
340 2317 371 2380 in
389 2317 570 2380 contritione
589 2317 636 2380 vel
657 2319 805 2382 attritione
825 2319 926 2383 habiit
943 2319 982 2382 ab
999 2338 1035 2384 eo

60 2411 238 2492 quiveram
267 2406 359 2470 fidem
380 2405 535 2488 ignoravit.
561 2406 620 2468 Sed
642 2413 759 2469 certum
779 2415 823 2470 est
850 2407 1036 2490 Baptismum
1073 2485 1075 2490 ι

59 2516 129 2561 esse
143 2497 260 2559 nullum
274 2497 299 2558 si
313 2493 485 2558 conferatur
499 2512 551 2576 per
570 2511 686 2556 meram
698 2495 779 2572 vim,
794 2494 897 2556 auimo
910 2498 1037 2559 omniuo

58 2593 220 2650 renuente.
232 2584 307 2648 Vide
321 2587 352 2647 S.
367 2583 502 2664 liguum,
518 2581 570 2645 lib.
587 2585 617 2658 6,
633 2584 666 2644 n⁰
680 2585 747 2646 139.

100 2677 192 2738 3638.
216 2673 262 2736 Ad
284 2678 506 2738 sacramentum
528 2680 630 2734 autem
647 2670 835 2736 Poenitentiae
853 2690 916 2736 non
929 2674 1038 2739 sufficit

58 2764 190 2828 intentio
203 2764 423 2844 interpretativa
435 2761 481 2823 vel
495 2759 674 2823 habitualis:
690 2760 743 2824 sed
757 2762 919 2844 requiritur
932 2764 1037 2828 sallem

57 2853 213 2924 virtualis,
231 2854 302 2916 cium
318 2851 441 2914 materia
455 2851 544 2929 hujus
558 2850 735 2913 sacramenti
749 2851 810 2912 sint
822 2850 941 2932 ipsimet
953 2861 1037 2920 actus

57 2943 249 3026 poenitentis.
265 2940 431 3002 -Eadem
445 2939 570 3002 intentio
590 2939 753 3020 requiritur
774 2959 829 3022 pro
848 2951 1038 3008 sacramento

58 3031 268 3095 Matrimonii:
292 3030 416 3105 «Ouia,
435 3029 506 3092 clrm
520 3035 646 3110 uterque
665 3029 776 3107 coniux
798 3047 859 3091 non
878 3030 977 3094 solum
1000 3033 1037 3096 sit

58 3143 74 3181 a
102 3119 288 3202 suscipiens,
311 3118 364 3182 sed
386 3118 477 3180 etiam
490 3117 627 3180 minister
640 3118 843 3190 sacramenti,
867 3117 897 3180 lu
911 3121 1036 3202 singulis

58 3231 75 3268 a
102 3209 301 3272 eorumcertb
311 3206 473 3289 requiritur
485 3223 521 3268 ca
535 3205 763 3288 intentioqualis
775 3207 805 3270 in
814 3206 1036 3271 ministrisalio·

58 3319 76 3359 a
103 3315 176 3361 rum
198 3303 455 3360 sacramentorum
481 3294 619 3377 exigitur.
639 3316 656 3356 a
681 3299 722 3358 lta
742 3297 774 3358 S.
789 3295 910 3378 Liguor.
926 3295 988 3373 (lib.
1003 3300 1034 3376 6,

58 3395 96 3449 n⁰
112 3388 186 3464 82),
202 3386 252 3467 qui
268 3384 349 3450 addit
362 3391 428 3466 post
442 3385 541 3466 Lugo,
557 3382 638 3466 qubd
652 3383 742 3448 etiam
756 3385 787 3446 in
801 3401 872 3447 casu
886 3381 1034 3447 illatrimo·

58 3475 105 3538 nii
132 3493 189 3556 per
211 3483 434 3557 procuratorem
459 3471 545 3552 initi,
565 3473 691 3537 intentio
721 3473 820 3536 verilis
842 3478 887 3535 est
908 3471 1035 3537 diceudo

59 3563 202 3630 virtualis
214 3565 306 3645 qutm
320 3561 490 3642 habitualis,
498 3563 569 3626 clun
578 3568 753 3645 procurator
761 3559 916 3625 contrahat
929 3561 1034 3625 virtuto

58 3649 203 3714 mandati
214 3668 268 3716 seu
281 3653 446 3714 consensus
460 3653 476 3712 t
490 3649 646 3734 principali
661 3650 794 3733 praestiti.
