2528 3996
498 294 712 344 ursunrnruos.
1038 286 1092 347 oet

130 411 145 456 c
168 391 218 454 tati
232 411 288 474 per
300 394 474 457 universum
488 394 637 458 mundum
652 397 795 479 prodesse
808 399 898 464 faciat
910 420 1000 465 suum
1014 403 1098 484 prin·

129 501 144 538 c
167 481 312 562 cipetum.
327 483 422 565 bingis
435 485 518 546 enim
534 485 731 549 christianum
746 490 859 570 regitur
868 508 902 552 ac
919 488 1099 573 propagetur

129 589 145 630 n
170 569 330 652 imperium
342 572 415 636 dum
425 575 625 637 ecclesiastico
635 576 728 639 Stntui
740 596 794 661 per
805 579 974 641 universam
989 587 1097 642 terram

129 681 145 718 n
168 660 354 738 consulitur,
368 665 461 744 qutun
484 666 554 726 cirm
577 664 608 725 in
632 672 715 746 parte
735 671 927 750 qudcumque
952 675 1096 732 terrarum

130 769 146 807 a
169 751 393 832 protemporali
407 752 564 816 securitate.
577 763 740 836 pugnatur.
756 777 772 814 n

169 841 204 901 ln
230 839 336 902 eodem
360 859 451 904 sensu
465 842 578 904 Concil.
603 845 736 906 Trident.
759 847 843 923 (sess.
868 849 928 914 25.
948 855 976 910 c'.
991 850 1040 926 20)
1057 849 1099 910 sic

129 946 236 991 curam
256 947 357 992 rerum
375 929 544 993 divinarum
568 933 758 1014 Principibus
776 935 988 998 commendat:
1011 959 1025 994 n
1042 937 1099 1000 Cu-

130 1039 146 1079 n
170 1019 258 1100 piens
267 1020 299 1082 S.
313 1020 452 1102 synodus
461 1021 692 1084 ecclesiasticam
701 1021 890 1104 disciplinam
900 1026 929 1086 in
939 1023 1100 1088 christiano

131 1131 147 1168 c
171 1109 284 1191 populo
299 1127 359 1172 non
378 1109 477 1172 solum
502 1111 637 1182 restitui,
657 1111 708 1173 sed
727 1113 817 1174 etiam
833 1115 977 1194 perpetuo
990 1121 1100 1176 sartam

132 1223 148 1258 n
171 1204 280 1260 tectam
293 1197 560 1280 dquibuscumque
573 1199 982 1281 impedimentisconservari,
994 1211 1102 1284 praetsr

133 1313 147 1347 n
172 1307 206 1351 ea
221 1306 289 1369 quae
312 1288 350 1350 de
370 1288 577 1351 ecclesiasticis
597 1290 733 1371 personis
753 1291 923 1364 constituit,
946 1293 1102 1356 saculares

133 1403 148 1438 n
173 1395 294 1459 quoque
312 1378 465 1459 Principes
485 1377 574 1440 officii
590 1378 635 1442 sui
659 1376 866 1441 admonendos
879 1397 944 1442 esse
964 1383 1099 1452 censuit.

134 1492 148 1526 n
172 1465 329 1530 conlidens
352 1485 404 1530 cos
426 1475 459 1530 ut
482 1467 663 1545 catholicos,
687 1486 764 1549 quos
790 1470 870 1530 Deus
897 1477 1007 1531 sanctae
1034 1470 1101 1532 lidei

134 1580 149 1617 o
175 1557 373 1638 Ecclesiaenue
387 1563 569 1639 protectores
586 1575 650 1619 csse
676 1557 770 1620 voluit
780 1603 788 1633 ,
800 1559 851 1636 jus
864 1576 952 1620 suum
963 1560 1103 1623 Ecclesiae

135 1670 149 1706 o
174 1647 299 1718 restitui,
310 1649 494 1709 nontentirm
509 1665 574 1708 esse
587 1664 795 1724 concessuros,
806 1645 857 1708 sed
871 1647 961 1708 etiam
971 1647 1103 1709 subditos

136 1759 149 1796 n
175 1753 245 1798 suos
259 1753 366 1797 omnes
379 1734 416 1797 ad
430 1735 560 1798 debitam
576 1753 647 1817 erge
660 1736 792 1810 clerum,
808 1734 956 1816 parochos
975 1742 1006 1797 et
1018 1755 1104 1817 supe

135 1847 152 1886 s
174 1823 268 1886 riores
282 1824 403 1886 ordines
418 1825 614 1887 reverentiam
628 1832 828 1886 revocaturos.
844 1845 860 1884 a

175 1919 263 1977 blot.
281 1916 324 1976 Ne
338 1913 516 1988 concludas,
532 1914 555 1975 si
571 1913 609 1976 ad
622 1915 793 1976 societatem
803 1914 1008 1996 etprincipem
1024 1933 1104 1995 spec·

135 2010 287 2067 tetcurnm
296 2003 451 2066 lraberede
461 2003 615 2085 religione,
625 2003 695 2064 inde
704 2003 789 2084 sequi
801 2001 1103 2086 principesinlidcles,

137 2112 286 2176 paganos,
301 2091 473 2168 haereticos,
488 2099 559 2168 etc,
569 2093 678 2155 debere
689 2092 777 2154 etiam
793 2099 949 2174 protegere
962 2100 993 2155 et
1005 2092 1105 2154 delen-

136 2183 209 2245 dcre
223 2201 312 2246 suum
334 2181 464 2260 cultum,
489 2201 542 2245 scu
565 2183 664 2265 potius
677 2199 813 2244 errores:
831 2199 901 2244 nam
919 2200 989 2244 rere
1002 2182 1106 2264 religio

137 2281 234 2355 potest
247 2271 376 2336 discerni
391 2274 409 2334 a
427 2271 507 2334 lalsis
530 2271 740 2352 religionibus,
761 2275 797 2333 et‘
812 2271 945 2353 Principi
963 2271 1107 2334 duntaxat

137 2361 286 2424 incumbit
305 2379 407 2424 reram
429 2361 606 2442 religionem
629 2369 785 2442 protegere
805 2366 835 2421 et
854 2359 1029 2438 defendere,
1046 2379 1106 2421 non

136 2453 211 2514 verb
223 2449 343 2525 salsam,
358 2449 496 2513 heresim
511 2449 556 2512 rel
570 2455 680 2512 sectam
695 2448 783 2511 tueri.

179 2543 268 2602 ctos.
292 2541 369 2602 Cura
381 2545 482 2602 tamen
497 2557 590 2622 quum
604 2538 754 2600 saecularis
772 2535 917 2618 Princeps
936 2535 1046 2599 habere
1059 2536 1108 2597 de-

138 2629 191 2694 bet
203 2629 241 2692 de
255 2629 419 2710 religione,
435 2648 497 2692 non
521 2629 552 2690 in
575 2645 611 2691 eo
633 2625 766 2690 consistit
780 2631 814 2688 ut
835 2626 976 2686 decernat
988 2643 1057 2706 quae
1072 2623 1107 2686 ad

139 2719 236 2801 ipsam
251 2718 422 2800 pertinent,
437 2719 489 2782 sod
504 2719 620 2780 tantirm
630 2724 664 2779 ut
676 2723 840 2796 exequatur
851 2731 919 2796 quae
933 2717 951 2777 d
964 2714 1108 2796 spirituali

139 2815 306 2890 potestate,
323 2807 453 2870 Ecclesil
470 2807 627 2885 videlicet,
641 2812 812 2869 statuuntur
828 2822 836 2865 τ
852 2821 914 2866 non
932 2803 1013 2866 enim
1027 2803 1110 2866 Prin·

139 2897 283 2978 cipibus,
313 2895 366 2958 sed
395 2896 503 2958 Primis
525 2895 665 2958 Ecclesiae
690 2892 860 2956 Pastoribus
890 2891 1005 2956 dictum
1029 2891 1107 2956 luit:

145 3006 162 3045 u
184 2989 256 3047 Data
269 2994 314 3048 est
324 2985 397 3047 mihi
412 2985 511 3048 omnis
524 2993 654 3067 potestas
667 2983 698 3046 in
712 2982 788 3046 coelo
802 2983 875 3044 etin
889 2987 968 3046 terra
982 3001 989 3044 :
1006 2991 1111 3046 euntes

140 3096 158 3134 c
182 3070 1111 3157 ergodoceteomnesgentes,baptizanteseos...docenteseos

141 3185 159 3226 ι
183 3181 300 3226 servare
322 3163 425 3226 omnia
443 3181 645 3246 quaecumque
659 3161 796 3226 mandavi
813 3161 897 3224 robis
909 3181 925 3220 a
937 3163 980 3236 (S.
994 3160 1109 3235 Matth,

143 3269 172 3316 c.
182 3256 274 3330 28,v.
284 3257 348 3332 l8);
359 3255 528 3316 autiterum
545 3271 553 3314 t
573 3255 693 3314 «Pasce
708 3270 803 3334 agnos
813 3268 935 3313 meos...
947 3265 1034 3330 pesce
1044 3266 1112 3310 ores

144 3365 160 3402 a
186 3343 598 3421 mensn(S..loann.,2l,ll).
608 3340 927 3420 Undcdiciturincap.
938 3337 976 3399 Si
986 3337 1113 3420 Impera-

147 3441 203 3504 tor,
213 3432 282 3494 dist.
298 3435 355 3494 96:
369 3453 385 3491 n
398 3435 429 3496 Si
443 3433 607 3514 Imperator
620 3431 783 3494 catholicus
796 3437 878 3492 est...
889 3426 969 3490 lilius
978 3433 1021 3489 est
1034 3474 1042 3502 ,
1053 3445 1113 3488 non

146 3546 161 3584 c
185 3521 294 3606 praesul
308 3521 468 3597 Ecclesiae;
484 3519 566 3603 quod
579 3519 617 3583 nd
632 3520 807 3602 religionem
821 3517 984 3600 competit,
999 3515 1114 3579 discere

146 3632 162 3672 ι
186 3607 215 3674 ci
227 3612 384 3684 convenit,
399 3629 461 3673 non
475 3609 603 3686 docere;
618 3609 707 3672 habet
721 3607 873 3691 privilegia
889 3626 951 3670 suae
964 3607 1115 3690 potestatis

146 3723 164 3762 ι
186 3717 256 3785 quae
269 3699 513 3788 administrandis
522 3699 638 3781 legibus
646 3698 773 3780 publicis
784 3697 926 3760 divinitirs
936 3703 1118 3760 consecutus

947 3803 998 3864 ¹8¹
