2486 3984
428 234 514 281 narn
535 233 653 281 rnruus.
976 215 1032 277 til

63 336 210 417 attingere
232 352 285 398 eos
307 333 359 416 qui
382 338 466 397 extra
487 333 652 398 Ecclesiam
675 336 763 404 sunt,
786 331 898 415 quippe
930 332 1037 398 ineos

64 426 196 490 Ecclesia
209 423 346 488 nondum
356 423 445 486 habet
457 423 711 503 jurisdictionem
727 440 817 484 sexus
829 421 985 486 muliebris
993 430 1040 486 est

64 515 164 598 potius
177 513 359 596 incapacitas
374 513 442 592 iure
460 511 562 576 diuino
575 512 703 574 stabilita
723 513 817 594 quam
836 511 1038 593 impedimen-

63 609 128 666 tum
143 603 182 666 ab
205 603 340 666 Ecclesia
359 601 544 677 institutum;
567 607 724 684 peccatum
742 601 814 663 verit
834 619 897 662 non
918 619 1040 683 semper

64 693 141 756 valet
167 691 318 774 prohiberi
342 690 381 754 ab
402 689 536 753 Ecclesia
558 709 627 772 quaa
649 689 688 752 de
714 691 798 752 mere
825 687 953 752 internis
976 707 1038 752 non

64 787 162 877 potest
175 781 297 864 proprie
308 779 444 860 judicare
457 787 487 842 et
501 778 723 860 legesedicere;
739 777 866 879 proinde
879 785 1039 860 peccatum

65 889 127 932 non
136 867 307 951 potestesse
317 885 437 951 semper
451 867 702 950 impedimentum
713 887 890 937 carenacum
905 885 1041 930 naccon·

66 963 228 1039 sequenter
248 975 368 1040 semper
399 956 612 1039 irregularitas.
640 957 740 1038 Ergo,
764 961 821 1018 etc.
849 955 925 1019 Vide
948 956 1041 1020 Collet

66 1047 165 1123 (turs.
182 1044 299 1129 compl,
314 1051 336 1107 t.
355 1048 403 1122 l'l,
418 1045 478 1108 col.
492 1049 572 1125 tao).

107 1140 197 1198 l'tl'l.
213 1134 334 1208 Quem.
350 1139 382 1197 2⁰
397 1133 564 1216 Quotuplex
577 1135 616 1196 sit
629 1135 855 1216 irregularitas?

105 1227 197 1306 Rrsp.
215 1221 452 1306 irregularitates
464 1222 554 1286 dividi
572 1226 622 1284 .l⁰
634 1223 849 1305 Aquibusdam
865 1225 957 1286 ineas
971 1243 1039 1305 quaa

68 1320 136 1377 sunt
143 1313 229 1395 juris
240 1311 337 1375 divini
357 1317 387 1373 et
400 1329 451 1374 eas
469 1331 538 1396 quae
558 1318 628 1374 sunt
641 1311 724 1394 juras
743 1312 942 1375 ecclesiastici.
960 1312 1041 1376 Licet

68 1421 104 1464 ea
124 1401 232 1465 ditisio
247 1408 293 1464 sat
312 1402 514 1464 communiter
526 1401 687 1481 rejiciatur,
701 1401 817 1464 videtur
836 1409 937 1465 mmen
952 1420 1040 1484 posse

67 1491 185 1553 admitti
195 1491 225 1552 in
236 1509 327 1553 sensu
338 1491 541 1572 responsionis
550 1490 587 1553 ad
598 1489 817 1572 precedentem
828 1493 1037 1571 quaestionem.

107 1584 140 1641 2⁰
160 1581 194 1642 ln
214 1587 370 1662 perpetuas
386 1586 416 1642 et
434 1579 617 1662 temporales.
640 1580 796 1661 Perpetem
816 1597 860 1641 eae
880 1586 950 1642 sunt
972 1599 1040 1661 quae

68 1669 131 1732 soll
143 1668 367 1751 dispensatione
377 1668 440 1730 tolli
453 1674 598 1751 possunt:
614 1667 674 1741 uti,
687 1687 717 1729 v.
729 1687 772 1748 g.,
788 1667 990 1751 irregularitas
1003 1687 1040 1731 ex

69 1755 232 1820 homicidio
254 1756 455 1839 proveniens;
482 1756 662 1839 temporales
682 1762 751 1820 sunt
771 1775 841 1838 quae
862 1757 952 1819 etiam
977 1756 1041 1820 solo

69 1847 214 1929 temporis
227 1845 313 1927 lapsu
330 1864 447 1909 cessare
460 1851 596 1928 possunt,
612 1853 645 1908 ut
658 1844 791 1909 delectus
804 1847 908 1909 aetatis.

110 1934 1042 2017 lllS.-3⁰Intotolesetpartt'oles.Totalessuntquaeabsoluta

69 2031 100 2086 et
118 2023 247 2086 totaliter
267 2022 430 2086 excludunt
450 2023 489 2086 ab
506 2023 590 2086 omni
613 2021 734 2098 ordine,
750 2023 924 2105 ordinisque
940 2042 997 2087 usu
1012 2032 1042 2087 et

70 2112 219 2175 beneficio
227 2133 236 2189 ;
251 2111 389 2195 partiales
401 2113 549 2194 reinquae
562 2111 679 2194 aliquos
688 2114 803 2174 tantum
817 2131 853 2174 ex
867 2112 1040 2191 hujusmodi

69 2201 226 2264 effenibus
235 2199 415 2284 producunt.
429 2201 489 2277 Sic,
498 2221 525 2263 v.
538 2221 567 2282 g.
579 2219 615 2263 ex
625 2219 691 2283 cap.
706 2204 754 2278 ll,
767 2200 801 2262 de
811 2200 1038 2286 filiispreslyt„

71 2291 150 2353 tilius
172 2291 263 2352 etiam
282 2289 432 2370 legitimus
445 2289 584 2352 inhabilis
602 2297 647 2352 est
660 2308 713 2353 seu
732 2289 902 2371 irregularis
924 2289 962 2352 ad
983 2290 1041 2352 im·

70 2379 202 2442 mediate
216 2377 429 2460 possidendum
443 2377 624 2441 beneficium
638 2379 655 2440 a
669 2385 751 2460 patre
765 2377 932 2441 dimissum.

108 2467 452 2549 irregularitatesautem
466 2485 541 2548 quas
555 2467 713 2530 incurrunt
725 2467 788 2529 laici
803 2465 952 2530 habentur
965 2487 1042 2530 sem-

72 2577 125 2640 per
137 2563 172 2620 ut
185 2555 305 2630 totalrs·,
322 2555 357 2616 iis
370 2562 472 2618 tamen
485 2556 617 2638 exceptis
630 2575 699 2637 quae
713 2557 852 2618 oriuntur
865 2575 901 2618 ex
924 2555 1041 2620 delectu

71 2647 165 2708 aetatis
177 2643 224 2707 uel
238 2644 379 2707 scientim.

110 2733 348 2816 irregularitatem
359 2734 428 2797 vero
438 2749 516 2816 quas
527 2733 686 2796 incurrunt
698 2732 799 2795 clerici
813 2731 959 2795 habendae
973 2739 1044 2796 sunt

72 2824 197 2908 quidem
210 2841 330 2904 semper
342 2831 375 2885 ut
385 2823 492 2886 totales
501 2830 639 2904 respectu
653 2822 851 2904 promotionis
861 2819 898 2883 ad
908 2821 1041 2902 ordines,

73 2931 134 2976 non
148 2919 249 2975 autem
262 2929 382 2993 semper
395 2917 429 2976 ut
442 2911 516 2974 tales
530 2917 601 2974 sunt
614 2909 761 2973 habendae
774 2909 894 2974 relative
908 2911 945 2974 ad
959 2911 1043 2976 func·

71 3001 170 3065 tiones
182 2999 298 3064 ordinis
307 3001 370 3080 jam
391 3000 536 3082 suscepti,
553 3007 587 3062 ut
601 3006 680 3080 patet
692 3017 729 3062 ex
741 3017 808 3082 cap.
826 3004 880 3076 li,
896 2999 930 3063 de
948 3001 1042 3064 tomi-

72 3091 159 3154 ridio.
174 3089 250 3152 Vide
263 3089 368 3164 Collei‚
386 3087 472 3152 Cora.
487 3088 635 3171 complet,
651 3095 725 3150 tom.
742 3093 791 3166 l'l,
806 3090 864 3152 col.
883 3094 950 3153 196.

111 3183 200 3244 tnta.
212 3183 289 3239 -l⁰
304 3179 337 3239 ln
347 3177 577 3258 irregularitates
591 3197 629 3238 ea
641 3175 755 3259 defectu
768 3184 797 3240 et
811 3179 1043 3260 irregularitates

70 3290 109 3333 ea
124 3269 244 3332 delicto.
268 3268 333 3328 lstae
355 3265 548 3328 incurruntur
565 3273 685 3348 propter
700 3266 900 3329 indecentiam
922 3268 1044 3349 propria

71 3360 161 3440 culpa
179 3361 382 3430 contractam,
406 3355 464 3418 illae
485 3354 622 3416 oriuntur
644 3373 680 3416 ex
703 3355 872 3417 indecentia
891 3355 1044 3436 quaelicet

73 3445 263 3529 inculpabilis
285 3443 342 3518 sit,
364 3442 408 3504 vel
433 3451 578 3524 repugnat
603 3442 719 3524 spiritui
737 3444 888 3519 Ecclesiae,
911 3444 956 3506 vel
979 3445 1044 3523 ejus

72 3536 243 3598 ministrnm
268 3531 299 3594 in
313 3538 520 3614 contemptum
542 3529 692 3595 adducore
713 3540 820 3616 potest.
840 3529 915 3593 Vide
929 3532 1042 3611 Collet,

73 3623 126 3704 tt,
139 3624 201 3688 col.
219 3625 290 3687 197.
