2522 4028
203 127 260 190 202
420 138 558 188 amoma
578 137 679 187 rurrus
696 135 780 184 rome
799 132 950 184 canentur.

202 251 246 320 vis
260 255 358 336 qualis
371 259 417 317 est
431 253 652 337 irregularitas,
668 269 728 313 non
743 249 834 312 debet
847 249 942 332 inlligi
960 249 1019 316 nisi
1032 247 1074 314 ob
1085 269 1184 334 greve

203 344 356 408 delictum.
374 343 448 406 Vide
464 346 494 406 S.
512 343 646 423 Lignum,
662 341 714 402 lib.
730 345 760 408 t,
771 349 803 401 n⁰
818 343 888 403 3¹17.

245 439 333 498 tuat.
344 434 467 506 Quaerit.
480 438 512 496 l⁰
524 437 570 493 dn
581 429 742 512 etquamlo
752 427 879 509 quisdat
889 446 1012 510 operam
1022 430 1066 492 rei
1076 431 1181 511 licitae,

203 523 335 586 debitam
349 521 519 585 adhibendo
534 520 721 602 diligentiam
742 536 780 580 ne
794 516 991 580 homicidium
1010 529 1181 602 sequatur,

204 614 255 676 ille
270 614 403 676 incurrat
417 609 664 692 irregularitatem
678 607 701 670 si
717 625 799 668 mors
814 605 953 669 accidat?

246 704 336 784 Rasp.
361 703 513 782 Negatird.
533 702 575 761 lta
593 695 793 760 communiter
806 713 876 758 cum
896 698 927 758 S.
942 695 1056 759 Thomu
1071 701 1117 774 (Ξ,
1134 704 1166 776 2,

205 811 236 873 q.
253 794 309 865 ot,
325 795 380 852 art.
397 791 432 866 8,
446 788 484 851 ad
499 791 528 866 3)
543 787 593 850 ubi
608 785 736 848 dicitur:
756 785 959 848 «Secundum
973 805 1105 849 canones
1121 787 1175 849 im·

207 900 223 940 r
247 877 368 962 ponitur
381 896 471 960 poeno
484 877 530 940 his
544 876 595 957 qui
604 873 761 938 casualiter
768 875 921 952 occidunt,
933 875 1039 940 dantes
1052 895 1183 958 operam

206 989 223 1029 u
246 967 289 1030 rei
305 967 424 1044 illicitae,
439 965 485 1028 rel
500 984 561 1028 non
575 963 942 1045 adhibentesdiligentiam
956 963 1100 1026 debltam.
1117 968 1183 1028 »Et

208 1063 288 1138 patet
301 1073 338 1118 ex
352 1074 418 1137 cap.
441 1055 471 1118 Is
484 1055 538 1137 qui
543 1101 552 1130 ,
567 1073 595 1117 o.
612 1053 716 1134 Scope,
733 1071 761 1115 c.
777 1053 815 1114 Si
827 1053 882 1114 duo
895 1053 1022 1133 fratres,
1036 1053 1106 1116 dist.
1121 1059 1183 1132 50,

208 1151 266 1207 eto.
281 1164 289 1220 ;
306 1162 392 1206 secus
407 1143 432 1206 si
454 1143 640 1225 diligentiam
654 1141 853 1205 sufficientem
868 1143 1037 1214 omitteret.
1062 1149 1096 1205 ut
1116 1143 1183 1206 ool-

209 1233 260 1313 ligi
282 1240 378 1314 potest
390 1251 425 1294 ex
447 1252 514 1314 cap.
533 1233 664 1294 Dilectus
679 1238 709 1292 et
727 1249 792 1312 cap.
812 1231 937 1306 ultimo,
960 1231 995 1292 de
1012 1231 1179 1296 homicidio.

209 1324 295 1384 Tunc
308 1322 390 1383 enim
404 1320 601 1383 homicidium
615 1319 758 1380 indirecte
770 1319 894 1382 volitum
906 1329 984 1382 esset
993 1322 1022 1382 in
1037 1325 1140 1384 causd.

251 1413 317 1472 Non
331 1410 491 1491 requiritur
498 1419 600 1472 tamen
609 1408 887 1490 diligentiasumma
897 1409 947 1471 sed
959 1409 1122 1472 sufficiens:
1133 1411 1183 1474 illa

212 1517 321 1581 nempe
343 1517 435 1581 quam
460 1499 504 1560 vir
526 1497 659 1580 prudens
680 1499 765 1574 juxta
788 1499 831 1560 rei
854 1499 1028 1580 qualitatem
1047 1498 1181 1562 adhibet.

212 1589 298 1653 Unde
314 1588 515 1670 irregularitas
533 1606 594 1650 non
608 1589 702 1648 oritur
721 1587 776 1647 nisi
796 1605 833 1648 ex
851 1588 1032 1669 negligentia
1051 1607 1123 1670 quae
1145 1590 1184 1652 ad

211 1685 368 1760 peceatum
393 1677 518 1740 mortale
539 1677 708 1757 pertingat,
737 1683 826 1757 prout
847 1678 1049 1741 communiter
1071 1677 1185 1743 docent

212 1768 323 1830 Suarez
336 1767 427 1828 etalii
441 1813 449 1842 ,
465 1783 513 1848 ap.
531 1767 562 1826 S.
578 1765 718 1845 Lignum,
734 1763 785 1826 lib.
801 1769 841 1842 'l,
857 1769 893 1826 n⁰
904 1769 974 1829 383.

255 1859 343 1918 tuuc.
363 1855 490 1925 «Hinc,
513 1855 610 1934 pergit
627 1855 658 1915 S.
681 1852 802 1934 Liguor.
829 1853 895 1932 (id,
912 1866 947 1916 n·
967 1857 1053 1934 38⁴),
1073 1875 1137 1920 non
1152 1857 1184 1921 fit

212 1965 228 2004 a
254 1942 443 2023 irregularis:
460 1945 490 2003 {⁰
504 1943 643 2024 Magister
656 1944 707 2022 qui
723 1943 904 2024 discipulum
919 1945 1186 2012 moderatdverbc-

213 2053 230 2093 u
254 2041 299 2094 rat
313 2036 354 2108 (et
368 2031 447 2091 idem
456 2031 494 2092 do
505 2040 586 2112 patre
597 2039 733 2112 respectu
745 2031 818 2112 lilii),
829 2032 853 2094 si
864 2051 936 2095 casu
944 2052 981 2095 ex
989 2038 1183 2115 percussione

213 2141 230 2182 o
254 2137 337 2181 mors
350 2118 488 2199 discipuli
503 2129 663 2200 sequatur3
679 2139 766 2182 secus
780 2120 803 2182 si
819 2123 947 2201 graviter
959 2123 1137 2202 excederet,
1153 2133 1185 2188 ut

214 2230 229 2274 r
255 2217 334 2290 patet
347 2227 382 2270 ex
397 2227 464 2290 cap.
481 2209 627 2289 erectae..
644 2208 679 2269 de
694 2209 862 2286 homicidio,
877 2216 1010 2273 etc-2⁰
1024 2213 1082 2284 Oui
1096 2215 1183 2293 equi-

215 2319 230 2359 r
255 2297 346 2358 tando
361 2299 391 2359 in
406 2315 486 2379 equo
500 2297 590 2358 feroci
606 2315 732 2378 puerum
747 2297 932 2361 occidenda:
948 2317 983 2362 ex
999 2319 1065 2382 cap.
1085 2301 1184 2365 urtu-

214 2409 230 2447 n
256 2395 301 2446 tus
317 2389 369 2458 13,
380 2386 414 2448 de
428 2385 668 2448 homicidio—3⁰
683 2387 738 2459 Oui
753 2387 846 2449 seram
860 2389 921 2450 sire
931 2407 1039 2452 canem
1053 2389 1184 2453 lerneam

130 2505 138 2520 ·
214 2497 229 2537 n
253 2475 306 2537 alit
319 2483 349 2536 et
361 2475 490 2537 custodit
504 2478 534 2537 in
548 2475 686 2553 occulto,
706 2477 730 2537 si
745 2495 816 2538 casu
838 2476 916 2554 sera,
931 2479 1027 2558 ruptis
1044 2479 1184 2557 vinculis,

215 2588 231 2626 a
256 2564 411 2626 hominem
429 2563 564 2641 occidat3
580 2583 667 2626 secus
686 2565 711 2626 si
731 2571 847 2627 teneret
860 2565 891 2626 in
906 2565 953 2628 vid
972 2567 1024 2628 ubi
1043 2563 1185 2631 serraliis

215 2677 229 2713 n
255 2671 364 2716 nocere
379 2660 497 2736 posset3
511 2653 557 2714 vel
571 2655 596 2716 si
611 2654 660 2714 illa
673 2671 708 2715 ex
723 2655 789 2734 ejus
806 2655 922 2717 incuria
935 2662 1014 2718 esset
1034 2657 1183 2722 soluta...

216 2766 231 2802 a
255 2747 326 2804 -40
343 2743 399 2814 Oui
415 2741 552 2804 reficiens
565 2747 688 2814 tectum,
709 2743 826 2824 tegulas
838 2750 870 2807 ct
882 2743 997 2827 lapides
1010 2744 1100 2808 mittit
1112 2765 1186 2828 prae·

215 2853 231 2890 n
256 2850 384 2894 monens
397 2836 586 2892 transeuntes
598 2837 632 2892 ut
645 2847 678 2892 se
691 2840 833 2908 caveant3
848 2850 935 2896 secus
945 2833 969 2894 si
979 2849 1040 2895 non
1051 2841 1182 2898 moneat.

214 2941 229 2980 a
256 2920 500 2982 -50ltledicussi
514 2937 585 2981 casu
597 2916 778 2984 infirmnsex
789 2920 952 3002 pharmaco
960 2921 1094 3005 praestito
1103 2923 1185 2987 deco

215 3029 229 3070 n
254 3007 306 3070 dat
318 3009 384 3070 sine
397 3008 479 3088 gravi
492 3006 601 3069 medici
618 3008 818 3090 negligentia:
833 3027 871 3072 ex
884 3029 952 3093 erp.
966 3009 1017 3072 Ad
1026 3029 1131 3088 auree,
1152 3011 1185 3075 de

216 3119 230 3157 n
256 3097 386 3172 AEtute,
402 3103 458 3158 eto.
473 3115 481 3157 ε
496 3103 527 3158 et
540 3096 598 3158 hoc
611 3095 709 3159 adlruc
718 3098 743 3160 si
757 3098 931 3162 sitclericus
941 3107 993 3162 aut
1006 3101 1183 3178 monachus,

216 3209 229 3247 n
257 3184 369 3247 modo:
387 3188 417 3246 l⁰
432 3184 470 3246 sit
484 3185 596 3266 peritus
611 3204 619 3246 ι
636 3204 706 3247 nom
719 3187 792 3249 alias
806 3205 867 3250 non
887 3189 1032 3270 effugeret
1045 3189 1184 3270 irregula-

216 3298 231 3334 n
256 3275 391 3348 ritatem,
406 3273 430 3333 si
446 3276 558 3334 temere
572 3273 616 3334 vel
631 3284 735 3338 contra
749 3285 932 3360 praeceptum
947 3277 1055 3340 medici
1071 3279 1185 3360 praebe·

217 3385 231 3419 n
256 3371 301 3426 ret
314 3361 493 3437 remedium,
504 3380 540 3424 ex
555 3382 616 3444 quo
629 3382 711 3427 mors
720 3369 846 3446 autejus
861 3366 997 3427 notabilis
1010 3367 1184 3430 acceleratio

219 3475 231 3510 a
257 3453 402 3530 eveniret,
418 3461 451 3514 ut
464 3454 544 3514 recte
564 3453 669 3516 dicunt
682 3455 865 3532 Salmant...;
880 3473 967 3518 secus
984 3456 1010 3518 si
1032 3455 1115 3519 bont
1126 3455 1185 3519 fide

219 3565 232 3599 a
256 3540 341 3606 daret
351 3539 465 3624 aliquid
477 3539 599 3604 infirmo
618 3541 656 3605 ad
669 3544 734 3623 eius
747 3544 915 3608 remedium
931 3543 978 3609 vel
995 3545 1183 3610 lammam...
