2522 3992
428 231 511 279 arsen
533 229 649 278 rnruus.
958 211 1016 278 183

36 334 84 393 de
77 330 419 414 congregationibus
411 347 444 392 m
464 327 575 412 quibus
595 327 773 391 emittuntur
789 325 934 390 duntaxat
951 337 1017 394 vota

35 418 215 500 simplicio,
230 427 282 484 aut
291 437 359 501 quae
373 417 463 481 eliam
476 416 551 480 volis
564 423 678 479 carent.

86 511 176 571 2706.
191 504 827 590 intelligendasuntctiamdemonialibus:
843 509 1017 591 «quamvis,

37 617 57 656 ι
89 596 186 678 inquit
207 598 339 659 Ferraris
362 598 402 674 (r⁰
417 593 575 671 Mmrffcles
589 601 645 657 art.
661 599 675 656 l
687 598 854 678 ,n0l0l),
874 597 1019 662 Preiessio

38 707 59 742 s
88 684 296 748 monialium
288 703 319 747 m
335 703 428 747 manu
441 681 589 746 Ordinsrii
605 683 827 766 principaliter,
844 705 904 748 non
920 694 1019 750 eutem

40 797 60 832 n
94 771 274 850 abbatissae,
289 772 354 836 lieri
369 772 530 848 debeat...‚
554 779 656 835 tamen
671 772 695 833 si
711 771 760 834 dat
774 773 804 834 in
816 791 909 836 manu
924 777 1019 857 Supe-

43 887 61 922 »
92 861 221 924 riorissae
234 861 272 925 de
283 879 434 924 consensu
448 859 569 942 majoris
582 861 676 942 partis
689 861 831 943 Capituli,
846 871 890 926 est
903 857 1019 926 valida:

45 975 64 1010 n
92 953 164 1013 cirm
194 951 387 1033 Superiossa,
420 969 474 1032 per
501 969 532 1012 se
550 951 628 1028 sols,
658 967 729 1012 cum
762 949 842 1014 dieto
871 969 1020 1015 consensu

47 1065 64 1098 s
94 1039 313 1122 nrajorispsrlis
324 1039 512 1117 monialium,
524 1038 604 1102 illam
614 1039 706 1121 possit
719 1041 864 1122 recipere,
881 1041 937 1102 nisi
952 1041 1020 1104 obs·

47 1153 65 1188 »
92 1135 156 1190 tent
170 1128 334 1210 peculiares
348 1128 580 1190 constitutiones
601 1127 775 1210 Religionis.
795 1131 839 1192 De
854 1129 922 1209 iure
939 1130 1021 1192 enim

48 1241 66 1277 6
95 1216 270 1280 monialium
284 1215 416 1299 receptio
439 1235 500 1280 non
523 1222 636 1298 spectet
648 1215 686 1278 ad
699 1216 902 1298 ordinarium,
918 1218 970 1280 sed
984 1218 1021 1280 ad

48 1330 67 1366 s
99 1305 285 1368 abbatissam
299 1311 330 1367 et
343 1303 570 1368 monasterium.
585 1325 601 1362 ι
618 1303 619 1306 ’

95 1393 215 1451 Dictum
232 1390 288 1449 luit
304 1387 337 1448 de
349 1389 424 1466 jure
443 1386 620 1446 communi:
651 1401 723 1444 nam
743 1383 812 1463 jure
836 1382 1024 1462 particulari,

55 1476 276 1540 consuetudine
291 1481 342 1536 661
356 1473 478 1535 Statutis
493 1471 612 1534 Ordinis
628 1469 764 1538 firmato,
788 1470 824 1530 nd
843 1471 1025 1549 Episcopum

56 1566 149 1627 eliam
169 1560 266 1624 solum
284 1571 418 1644 spectare
438 1568 532 1640 potest
551 1563 601 1637 jus
621 1559 657 1619 ad
677 1557 894 1639 professionem
917 1557 1027 1617 admit·

58 1652 153 1714 tendi
157 1651 296 1732 lisingn.
306 1671 334 1714 c.
347 1651 529 1722 Porrectum,
536 1647 647 1730 dellep.
659 1645 1027 1744 inspiciendaesunlergp,

55 1741 159 1822 quoad
178 1759 230 1803 eos
249 1742 300 1820 qui
319 1740 354 1801 ad
372 1739 589 1838 professionem
605 1736 761 1796 admittere
781 1731 1029 1805 6616666666ῑί-

56 1831 228 1893 iulioncsel
244 1829 478 1892 consuetudines
493 1829 541 1885 leor
522 1827 635 1906 gitinrae
648 1825 886 1902 uniuscujusque
901 1823 1031 1902 Gangre

56 1917 199 1998 gationis.
218 1917 292 1994 Vide
308 1917 409 1980 Bonis.
433 1916 473 1975 lle
489 1912 603 1986 11661..
618 1921 678 1978 tom
705 1917 733 1979 l.
750 1933 779 1986 p,
798 1915 947 1975 611-616.

439 2021 596 2082 Pilllc’lllll
615 2019 657 2080 ll.

249 2171 287 2217 nn
307 2169 481 2216 srrscrmus
503 2169 702 2219 ruorrssrcms
721 2171 844 2218 mures.

111 2312 201 2372 2707.
212 2307 469 2370 l⁰Pr0iessionem
478 2305 616 2368 emittens
625 2307 819 2389 consequitur
827 2306 1033 2370 remissionem

71 2398 210 2460 omnium
231 2403 422 2478 peecatorum
449 2393 548 2477 quoad
570 2395 689 2476 culpam
716 2403 745 2458 et
771 2395 871 2478 quoad
895 2415 1033 2477 poenam,

71 2485 238 2547 dummodo
253 2503 313 2547 non
328 2485 408 2546 sitin
423 2491 546 2567 peccato
559 2484 686 2546 mortali.
701 2486 744 2546 lta
757 2485 958 2546 communiter
971 2493 1037 2566 post

72 2576 105 2638 S.
121 2575 267 2637 'rhomam
281 2578 328 2651 (2,
343 2577 380 2648 0,
395 2592 427 2654 q.
444 2577 585 2649 l8tl,art.
602 2577 641 2647 3,
657 2572 695 2634 ad
709 2576 749 2650 3).
771 2571 880 2634 Paulus
897 2574 922 2634 V
942 2573 1036 2635 indul·

73 2665 206 2746 gentiam
220 2663 384 2744 plenariam
399 2681 453 2743 pro
466 2662 514 2724 die
529 2661 725 2724 Prolessionis
737 2660 885 2724 concessit
896 2679 951 2742 per
971 2661 1036 2723 Bul·

72 2753 135 2814 lam
149 2752 294 2814 Romanus
309 2751 470 2831 Pontifex,
487 2753 525 2812 23
540 2751 609 2812 maii
625 2753 712 2812 1606.

114 2844 202 2905 6708.
226 2841 297 2903 llaee
309 2839 432 2920 quidem
446 2838 484 2901 de
502 2839 572 2901 solis
585 2839 732 2918 religiosis
746 2838 911 2902 solemnem
926 2839 1038 2904 Profes-

72 2931 191 2994 sionem
205 2929 409 2991 emittentibus
430 2928 553 3008 intelligi
567 2927 678 2990 debent
693 2947 701 2990 :
715 2935 845 2991 altamen
860 2947 897 2992 cx
913 2947 1037 3013 respon·

74 3019 159 3081 sione
179 3020 210 3081 S.
237 3015 499 3080 Poenitentiariaei
519 3017 583 3095 jon.
604 3019 680 3082 1836
701 3017 739 3078 ad
757 3020 818 3080 llll.
834 3019 897 3084 Dll.
914 3019 1038 3084 Bourier

71 3105 208 3184 ainau,
231 3107 377 3190 moniales
398 3107 430 3168 in
453 3106 566 3182 Gallia,
589 3107 644 3166 cisi
668 3106 814 3188 simplicia
835 3110 951 3171 tsnlirm
971 3117 1038 3171 vota

74 3198 222 3270 emittant,
234 3195 426 3277 indulgentiis
435 3213 540 3258 eorum
554 3194 657 3257 Ordini
672 3197 820 3258 concessis
829 3194 886 3259 lrui
897 3203 1036 3278 possunt;

74 3285 138 3348 imd
150 3303 188 3348 ex
202 3303 337 3346 respons.
353 3287 384 3348 S.
400 3285 510 3364 Congr.
524 3285 656 3366 Indulg,
671 3287 709 3346 ii
723 3284 853 3347 februar.
870 3290 945 3347 1817
950 3332 957 3356 ,
973 3285 1039 3347 reli·

76 3374 178 3455 giosae,
194 3377 249 3436 etsi
273 3392 333 3436 non
348 3373 517 3456 approbalae
530 3377 547 3436 a
558 3375 589 3436 S.
606 3373 682 3436 Sede
695 3391 750 3456 pro
764 3373 868 3450 Gallis,
884 3372 991 3436 lucrari
999 3380 1038 3436 ta·

76 3481 146 3525 men
159 3461 258 3525 valent
268 3479 374 3525 ornnes
383 3462 583 3544 indulgentias
591 3479 748 3525 concessas
769 3461 949 3524 monialibus
962 3463 1037 3544 ejus-

76 3552 145 3614 dem
155 3551 351 3633 familiaeque
360 3555 463 3614 llomae
474 3551 521 3612 rel
534 3551 615 3627 alibi,
625 3549 677 3613 ubi
687 3551 835 3613 luerunti
846 3551 1035 3636 Pepdappro·
