2522 4028
423 318 507 363 utana
532 319 648 365 rutatos.

441 445 597 506 runcum
617 449 636 506 t.

377 568 415 613 nn
436 568 540 613 anatra
561 569 707 615 acetrum.

96 682 186 742 2l63.
203 677 328 760 Capituli
343 679 438 758 Caput
448 678 560 759 duplex
573 685 635 741 est:
649 685 679 741 lo
692 677 864 762 Principale
877 697 930 743 sau
944 681 1029 762 Epis·

58 787 152 850 copus
166 775 218 830 aut
230 767 306 830 alius
323 768 464 830 Praelatus
478 767 592 830 haltans
605 768 787 832 territorium
802 776 833 831 et
843 769 1027 848 jurisdictio·

59 875 130 920 nam
154 855 477 938 quasiepiscopalem3
500 860 531 918 2⁰
551 857 711 919 camerate
729 857 818 939 quale
843 864 888 919 est
913 858 1031 938 quiesi

57 946 177 1029 primns
191 946 269 1006 inter
286 963 338 1007 eos
352 945 462 1025 quibus
480 945 649 1027 Capitulum
664 946 902 1008 constat-Sub
914 945 1031 1010 diverso

57 1041 196 1115 respectu
206 1040 276 1094 sunt
286 1033 334 1095 dla
344 1033 405 1096 duo
416 1034 528 1115 Capita:
540 1034 708 1115 Capitulum
718 1036 801 1096 enim
811 1034 1039 1114 consideratur„

57 1123 105 1184 ael
120 1131 269 1204 quatenus
278 1130 323 1184 est
331 1123 457 1186 Senatus
470 1123 646 1185 Ecclesiaeet
653 1123 814 1186 Consilium
828 1133 930 1185 nutum
944 1125 1031 1206 Epis·

58 1211 144 1292 aopi,
156 1229 217 1292 quo
227 1212 289 1293 ipse
303 1213 397 1274 utitur
408 1213 438 1273 in
457 1211 713 1274 administratione
726 1211 896 1275 dioecasand
910 1233 917 1274 :
933 1221 963 1275 ct
976 1213 1033 1274 sub

59 1301 118 1362 hoc
129 1309 264 1382 respectu
277 1302 442 1383 Episcopus
450 1307 495 1362 est
508 1301 753 1384 Capitulidaput,
765 1321 834 1383 pars
848 1303 941 1383 ipsius
951 1301 1029 1362 nobi·

59 1389 189 1463 lissima,
204 1397 233 1450 et
250 1391 319 1451 rere
336 1390 375 1452 de
394 1390 486 1472 ipsius
501 1409 625 1472 corpore
642 1409 649 1452 :
664 1391 711 1452 vel
725 1390 931 1453 consideratur
945 1396 1034 1472 prout

59 1497 172 1560 corpus
190 1477 303 1540 haltens
314 1480 383 1558 jura
400 1487 431 1540 et
444 1478 541 1542 officia
559 1480 614 1541 sint
630 1481 766 1560 propria,
781 1486 811 1540 ct
827 1479 865 1540 ab
883 1479 1029 1560 Episcopo

60 1566 212 1643 distincta,
227 1575 257 1629 et
270 1569 326 1630 sub
341 1567 397 1629 ltoc
410 1576 560 1650 respectu,
576 1570 743 1650 Episcopus
757 1585 818 1628 non
832 1573 876 1628 est
890 1566 928 1628 de
943 1567 1035 1648 ipsius

59 1659 180 1738 gremio
197 1674 252 1718 nec
269 1664 372 1738 caput,
390 1657 550 1718 nechabet
566 1675 671 1719 vocem
689 1655 850 1719 decisivam
865 1656 896 1716 in
912 1655 1034 1736 Capitu-

62 1745 176 1806 laribus
192 1745 332 1826 negotiis,
347 1745 399 1807 sed
413 1745 489 1807 alius
503 1754 548 1807 est
562 1746 654 1827 ipsius
668 1746 774 1827 Caput.

104 1837 193 1895 atat.
213 1835 357 1906 Quisnam
375 1835 445 1896 rard
464 1836 503 1895 sit
520 1834 598 1896 istud
616 1836 710 1917 Caput
726 1832 890 1911 numerale,
909 1841 1036 1915 questio

61 1929 108 1986 est
127 1923 213 2000 cujus
231 1923 339 1985 solutio
357 1939 419 1983 uon
440 1922 589 1984 invenitur
607 1921 686 2004 apud
705 1930 844 1986 auctores
861 1939 869 1980 ι
885 1921 996 1983 etenim
1012 1923 1037 1985 si

61 2012 180 2074 dicatur
190 2029 254 2074 esse
263 2011 443 2094 praeclpuam
453 2011 902 2088 Diauitatemdrchidiaconum
915 2029 1034 2094 nempe,

63 2101 110 2162 rel
131 2101 346 2181 Praepositum,
366 2099 522 2161 difficultas
544 2109 589 2161 est
612 2098 712 2181 quod,
736 2101 822 2180 Juxta
843 2100 1033 2172 canonistas,

65 2191 231 2270 Dignitates
248 2187 368 2268 dejure
392 2207 452 2250 non
471 2189 530 2250 sint
554 2188 592 2249 de
611 2188 763 2269 capitulo,
784 2197 817 2251 ut
835 2187 912 2250 inira
929 2189 1037 2252 dicturi

65 2297 173 2341 sumus
187 2281 301 2354 (atta).
318 2277 374 2338 nisi
390 2277 446 2338 hoc
455 2277 609 2338 obtineant
622 2295 659 2337 ex
670 2276 753 2339 locali
769 2283 893 2352 statuto,
909 2285 1038 2340 autcon-

65 2365 243 2440 suctudine‚
262 2373 314 2428 aut
332 2367 388 2426 nisi
408 2363 468 2426 sint
485 2365 574 2426 simul
592 2365 748 2442 Canonici3
765 2366 788 2427 si
807 2383 880 2445 ergo
899 2383 960 2427 non
977 2369 1040 2429 ,sint

66 2455 106 2517 de
121 2454 272 2535 capituto,
283 2451 436 2535 quomodo
446 2461 571 2533 possunt
584 2471 648 2514 asse
662 2453 755 2535 ipsius
763 2455 858 2535 Caput
871 2455 1040 2517 commate?

68 2543 228 2617 Quomodo
246 2543 318 2604 illud
337 2561 502 2605 convocare
519 2541 619 2603 valent
640 2551 669 2603 et
691 2541 844 2622 pracesse?
870 2543 931 2604 aln
956 2546 1039 2624 praxi

69 2657 83 2688 o
109 2631 249 2712 quidem,
269 2632 311 2694 ait
328 2633 364 2692 D.
385 2631 482 2693 Bouix
499 2629 564 2709 (lin,
589 2649 620 2711 p.
644 2632 713 2709 ll),
733 2631 883 2693 evanescit
901 2631 1039 2712 praedicta

70 2747 84 2778 o
111 2721 286 2796 difficultas,
302 2717 424 2800 quando
438 2721 546 2781 Primae
560 2719 701 2800 Dignitati
716 2717 883 2799 assignatur
898 2738 958 2780 non
973 2727 1039 2782 tan-

70 2835 84 2866 n
111 2813 176 2872 tum
199 2811 317 2870 stallum
336 2809 368 2870 in
391 2809 499 2886 choro,
519 2807 570 2870 sed
594 2809 718 2889 insuper
736 2807 819 2871 locus
838 2809 869 2870 in
888 2809 1038 2889 Capitul03

71 2926 85 2956 ,ι
112 2901 186 2979 quia
201 2915 254 2978 per
263 2897 352 2959 talem
368 2897 597 2959 installationem
607 2906 722 2959 certum
736 2905 781 2959 est
788 2897 902 2979 acquiri
918 2901 1041 2984 plenum

71 3013 85 3044 a
108 2987 160 3066 J'us
177 3001 332 3061 canonae,
348 3003 384 3048 ac
397 2984 523 3067 proinde
542 2986 632 3047 otiam
649 3003 752 3048 vocem
766 2987 891 3048 activam
909 2995 938 3048 et
953 2987 1043 3070 passi·

72 3099 87 3134 a
111 3093 193 3149 vam,
209 3073 346 3136 undetali
361 3073 452 3136 modo
471 3074 617 3137 installata
633 3074 731 3136 Prima
745 3075 896 3158 Dignius,
908 3077 964 3138 erit
979 3095 1043 3157 pro-

70 3186 87 3224 »
111 3163 162 3226 cul
175 3163 268 3226 dubio
282 3162 320 3224 dc
334 3181 459 3244 corpore
474 3163 599 3245 Capituli
610 3170 640 3226 et
654 3163 745 3246 ipsius
760 3165 864 3247 Caput.
881 3186 896 3224 a
911 3165 941 3227 st
957 3183 1043 3228 secus

70 3253 245 3332 contingat,
261 3250 341 3312 idem
359 3259 463 3314 auctor
482 3270 543 3314 non
557 3253 671 3315 invenit
687 3255 841 3334 quomodo
854 3254 994 3318 solvenda
1006 3254 1044 3315 sit

71 3342 227 3424 proposita
241 3339 409 3403 difficultas.

115 3433 208 3493 alito.
231 3431 297 3490 Non
316 3435 362 3490 est
379 3436 479 3490 autem
497 3428 535 3492 de
557 3431 685 3492 essentia
704 3431 829 3513 Capituli
848 3437 915 3494 actu
934 3431 1044 3496 habere

73 3520 175 3601 Caput
198 3519 367 3594 numerale;
388 3517 496 3580 suflicit
517 3518 598 3600 quod
621 3519 695 3581 illud
717 3519 869 3583 habeatin
893 3521 1042 3600 potentia:

74 3609 184 3686 unde,
202 3623 240 3669 eo
261 3605 420 3686 defuncto,
439 3607 484 3668 vel
503 3607 641 3686 absente,
659 3617 794 3670 remanet
813 3607 997 3687 Capitulum,
1016 3613 1046 3667 ct

75 3695 233 3776 antiquior
246 3695 415 3758 macomus
427 3701 500 3758 tunc
509 3697 605 3775 Caput
617 3695 762 3758 eradiat.
774 3694 867 3758 Bouix
877 3693 941 3770 tid„
949 3696 1044 3771 pit).
