2528 3996
502 275 588 320 ureun
608 275 725 324 reruos.
1039 263 1097 323 585

133 371 289 456 signandi,
305 371 341 434 ed
356 389 433 454 quos
453 370 596 435 accedere
612 373 729 435 valeant
744 391 852 438 omnes
868 374 1008 458 religiosi.
1025 377 1099 438 Vide

135 462 295 540 Analecta,
309 465 341 524 8⁶
351 461 430 536 lior,
446 462 518 524 avril
533 465 627 540 1855,
642 462 701 524 col.
719 466 806 526 tetta.

517 631 671 691 PUNCTUbl
684 632 718 690 ll.

152 767 189 814 llll
209 767 410 814 tremuntur
434 766 624 814 redonantur
645 768 817 814 couactrlvt
842 769 895 817 SEU
915 771 1079 818 tunrcttntt

522 855 700 904 Porusrnrr.

173 999 260 1060 ectr.
277 997 398 1070 Quaerit.
415 999 447 1058 l⁰
468 999 515 1058 An
538 1001 568 1059 et
586 1001 736 1078 quatenus
755 998 931 1080 Superiores
949 1001 1101 1082 regulares

135 1085 262 1149 habeant
275 1092 451 1168 potestatem
464 1086 680 1148 coercitivern‘t

173 1178 262 1256 llesp.
280 1180 310 1238 t⁰
331 1175 453 1237 Certum
477 1181 521 1236 est
542 1174 753 1256 Superioribus
770 1176 958 1258 regularibus
971 1178 1101 1260 aliquam

133 1273 303 1346 competere
317 1271 492 1346 potestatem
507 1264 665 1326 coercendi
684 1283 754 1326 suos
768 1265 902 1327 subditos
923 1287 930 1326 ε
953 1269 1022 1348 quia
1037 1269 1100 1330 talis

134 1362 282 1436 potestas,
298 1353 396 1434 inquit
410 1355 538 1432 Suarez,
554 1354 596 1416 eis
609 1362 652 1416 est
665 1354 825 1414 necessario
839 1363 872 1414 ut
885 1355 973 1428 ordo,
993 1377 1056 1436 pne
1074 1367 1103 1418 rt

135 1443 283 1503 institutio
291 1441 430 1524 religiosa
440 1452 633 1506 coneeroetur.
647 1442 701 1522 (De
714 1441 828 1524 netto,
839 1449 913 1504 torn.
925 1448 955 1520 t,
969 1451 1055 1507 tract.
1070 1449 1099 1519 8,

136 1531 186 1593 lib.
203 1536 240 1596 2.
255 1549 283 1594 c.
299 1534 330 1610 9,
348 1534 438 1610 n01.)

174 1624 261 1682 eote.
276 1655 314 1666 -
329 1623 361 1682 2⁰
374 1619 501 1692 Quando
513 1621 689 1702 Superiores
711 1620 841 1701 religiosi
857 1639 918 1682 non
933 1621 1041 1684 habent
1054 1626 1102 1701 ju-

136 1709 359 1788 risdictionem,
382 1709 517 1772 subditos
535 1711 604 1788 jure
628 1710 783 1771 oomnrnni
804 1727 943 1771 coercere
958 1729 1019 1772 uon
1034 1731 1101 1792 pos-

135 1805 226 1876 sunt,
247 1797 302 1860 nisi
327 1798 418 1860 modo
440 1807 566 1879 paterno
592 1805 622 1860 et
642 1798 719 1859 intra
739 1797 848 1860 limites
871 1799 1010 1879 regulae:
1034 1801 1103 1880 quie

135 1893 208 1952 tunc
221 1887 309 1949 aliam
325 1906 385 1949 non
400 1887 509 1950 habent
520 1895 695 1970 potestatem
705 1890 797 1968 quant
811 1886 1035 1966 dominativarn,
1047 1891 1105 1950 ins

135 1983 180 2038 tar
200 1975 464 2058 patrumfamilias,
489 1977 540 2058 qui
561 1979 643 2039 certe
665 1975 806 2038 truantur
833 1976 933 2058 aliqua
962 1983 1104 2058 potestate

135 2064 213 2127 filins
235 2065 413 2127 coercendi:
437 2066 511 2127 tales
530 2073 599 2128 sunt
619 2065 769 2126 ordinarie
792 2066 966 2146 Superiores
981 2067 1011 2126 in
1025 2067 1104 2128 Reli-

135 2155 275 2236 gionibus
290 2172 349 2214 non
364 2157 510 2236 exemptis
525 2164 554 2216 et
571 2153 780 2235 Superiorissee
795 2154 983 2217 monialium.

174 2248 263 2306 toto.
279 2277 319 2288 -
338 2245 369 2304 3⁰
391 2243 505 2304 Praeleti
530 2243 677 2305 Ordinurn
705 2251 915 2325 exemplorum
935 2251 1104 2325 potestatem

136 2331 1105 2412 coercitioornepiscopalembcbcnt:habenteninrjurisdictionenr

136 2421 382 2496 eeclesiasticanr;
399 2419 489 2501 idque
499 2427 615 2482 constat
625 2438 681 2482 usu
691 2425 721 2479 et
729 2420 889 2499 privilegiis
899 2420 1104 2500 religiosorum

135 2519 357 2592 exemptoruru.
374 2508 448 2570 Vide
464 2509 573 2585 Bouirr,
590 2508 634 2569 De
652 2506 794 2586 deputor.
812 2515 900 2586 (totu.
920 2511 957 2585 2,
978 2527 1009 2588 p.
1033 2515 1104 2572 tor·
1178 2559 1181 2565 .

134 2604 221 2674 todi.

176 2686 262 2752 Unde
275 2705 339 2751 non
358 2687 457 2750 solum
471 2685 632 2748 Generelee
645 2683 816 2764 hujusmodi
830 2683 977 2746 Ordinum
991 2693 1021 2747 ct
1034 2687 1104 2748 Pro-

134 2777 295 2854 vinciales,
310 2776 362 2839 sed
376 2777 468 2839 etiarn
482 2776 597 2838 Preelati
613 2775 721 2836 locales
739 2791 792 2835 seu
806 2774 1034 2852 conventuales,
1050 2775 1106 2840 uisi

135 2865 230 2940 torte,
244 2866 311 2946 jure
324 2866 490 2947 peculiari,
506 2863 571 2926 lraec
585 2871 714 2946 potestas
728 2862 770 2924 eis
788 2861 904 2924 sublate
916 2864 962 2925 vel
985 2864 1108 2927 limitata

136 2954 241 3030 tuerit,
256 2955 356 3017 velent
368 2952 503 3016 subditos
516 2969 587 3014 suos
601 2969 740 3014 coercere
754 2969 807 3033 per
820 2969 1027 3035 quascumque
1041 2973 1109 3016 cen-

135 3061 223 3108 suras
240 3062 309 3124 quer
320 3045 400 3122 iuste
415 3050 540 3124 possunt
551 3041 682 3123 personis
695 3039 829 3122 irnponi;
846 3049 1022 3105 nontamen
1037 3061 1107 3124 pos-

135 3139 210 3194 sunt
231 3131 423 3194 interdictum
447 3131 539 3192 locale
559 3130 736 3206 decernere,
760 3131 832 3210 quia
849 3129 914 3193 haee
927 3149 1017 3212 poena
1030 3149 1108 3211 quo-

135 3220 210 3284 dam
236 3221 327 3284 modo
355 3220 534 3284 redundaret
561 3219 593 3280 iu
620 3236 762 3300 personae
788 3219 861 3299 ipsis
885 3220 1017 3281 Praetatis
1048 3237 1109 3280 non

136 3309 297 3390 subrectas.

178 3403 270 3462 3050.
285 3402 352 3462 Non
366 3404 493 3481 possunt
506 3399 628 3480 quidem
648 3397 765 3460 Praelati
785 3398 940 3478 regulares
955 3396 1110 3480 imponere

137 3488 372 3570 irregularitates
398 3489 518 3571 proprie
540 3486 656 3567 dictas,
684 3489 763 3550 sicut
786 3505 843 3550 nec
870 3489 961 3550 etiam
988 3495 1111 3571 possunt

139 3572 301 3660 Episcopi3
325 3575 377 3640 sed
404 3578 520 3658 Religio
542 3585 639 3657 potest
656 3575 729 3638 alies
751 3575 950 3639 inhabilitatee
963 3585 1111 3657 statuere,

140 3664 265 3746 quenda
278 3665 360 3729 rator
372 3668 457 3730 octbr
474 3667 491 3726 l
507 3669 651 3746 puerulo
671 3659 887 3728 dornlnetlonir
906 3663 1113 3809 etliqnherentt
