2550 3992
200 271 259 333 oso
430 289 690 338 annumeremus
709 289 792 338 runis
814 291 964 338 canosum.
1006 301 1013 308 ·

187 385 190 396 '
239 385 585 459 ammonentem
598 387 804 452 trinauhlutio
818 388 856 450 ad
869 387 1061 471 Baptismum
1074 389 1178 474 requi·
1271 397 1272 450 l

201 475 330 647 ffltddgp.
345 565 470 629 'l'rinam
484 564 669 629 ablutionem
687 566 819 648 requiri,
834 584 897 629 non
911 565 1036 647 quidem
1050 566 1090 629 ad
1103 566 1176 628 veli·
1271 557 1272 560 ’

200 653 337 731 dilatem,
362 654 414 717 sed
432 654 470 716 ad
483 655 654 732 liceitatem,
670 662 703 717 ut
717 661 834 718 constat
855 673 893 718 ex
906 655 1028 719 Rituoli.
1038 655 1177 735 -tvide

200 743 232 804 S.
249 743 385 826 Liguor„
401 742 457 824 ih,
473 752 507 806 u⁰
522 747 578 806 107
590 789 600 822 ,
614 763 646 826 q.
662 747 707 824 5.)

611 925 693 991 nul.
716 927 751 992 ll.

519 1063 557 1110 nn
576 1061 675 1108 nonus
695 1063 840 1111 narrrsur.

239 1199 328 1260 3268.
351 1197 461 1258 Forma
485 1197 628 1278 Baptismi
648 1202 694 1258 est
718 1197 797 1258 ista:
826 1199 931 1280 «Epo
955 1207 983 1262 te
1004 1197 1124 1282 leptim
1145 1201 1177 1262 ἐκ

199 1309 215 1344 s
239 1285 352 1348 nomine
368 1285 485 1360 Patris,
501 1292 530 1347 et
544 1285 636 1355 Filii,
653 1285 829 1366 etSpiritds
846 1285 962 1349 Sancti.
996 1287 1047 1344 ’-
1101 1291 1178 1350 nlla

199 1373 334 1436 definivit
349 1373 463 1436 Concil.
478 1373 612 1436 Trident.
629 1375 713 1452 (sess.
729 1379 760 1450 Ἰ,
775 1392 844 1437 can.
859 1379 907 1452 t);
923 1383 951 1438 et
965 1376 1130 1440 deducitur
1140 1397 1176 1440 ex

199 1463 306 1525 Christi
319 1464 435 1526 uerbis:
455 1485 471 1522 n
484 1465 598 1525 Euoles
616 1481 688 1544 engo
702 1462 806 1524 docete
824 1481 931 1526 ornnes
944 1474 1066 1546 gentes,
1081 1465 1177 1548 bapti-

199 1573 214 1610 r
238 1559 398 1614 zanteseos
411 1553 441 1613 iu
457 1553 580 1614 nomine
596 1552 699 1628 Patris,
711 1559 741 1614 et
748 1551 825 1629 Filii,
841 1561 871 1615 et
883 1553 1011 1635 Spiriths
1025 1555 1141 1617 Sancti.
1157 1579 1172 1613 s

200 1641 295 1703 Graeci
318 1649 418 1703 tamen
436 1647 563 1703 utuntur
580 1640 678 1702 forms
695 1644 831 1722 sequenti
848 1664 856 1701 ι
883 1643 1060 1724 Bnpu'retur
1075 1663 1176 1706 ser-rau

201 1730 329 1800 Christi,
353 1731 517 1792 innomine
541 1731 662 1803 Petris,
688 1738 760 1805 eto,
785 1749 853 1812 qoae
875 1729 930 1793 luit
947 1733 1113 1813 approbata
1137 1737 1175 1796 ah

200 1820 335 1900 Eugenio
352 1821 391 1882 lV
410 1819 441 1880 in
465 1819 596 1882 Concilio
615 1820 788 1881 Florentino
809 1838 862 1900 per
882 1821 1043 1882 Decretum
1059 1822 1099 1883 ad
1112 1826 1175 1884 Ar-

200 1927 319 1969 menes:
346 1908 398 1971 sed
425 1910 456 1969 in
480 1907 543 1970 solt
575 1907 707 1969 Ecclesia
730 1913 827 1989 greca
852 1908 919 1972 licet
943 1909 1023 1972 hanc
1043 1909 1171 1974 sormam

199 1996 352 2059 adhihere.
369 1996 444 2059 Vide
458 1998 490 2060 S.
506 1997 571 2078 Lig.
589 1997 656 2079 (lib.
672 2000 697 2060 6.
720 2006 753 2057 u⁰
769 2001 848 2073 tuo).

238 2089 326 2148 3269.
349 2086 448 2147 Verba
464 2095 594 2149 actuum
610 2085 821 2168 Apostolorum
837 2089 913 2169 (cap.
930 2091 960 2162 8,
974 2105 1004 2148 r.
1023 2091 1071 2166 lh)
1088 2109 1096 2150 :
1111 2112 1127 2148 ι
1141 2093 1175 2152 ln

198 2196 213 2233 n
238 2175 438 2236 nominelesu
449 2175 555 2236 Christi
567 2176 792 2257 baptizabantur
806 2177 857 2237 riri
867 2200 896 2252 u,
909 2177 1010 2240 locum
1024 2176 1175 2243 dederunt

198 2262 290 2323 duhio
305 2271 407 2323 utrum
423 2263 594 2343 Baptismus
608 2266 640 2325 in
660 2266 775 2326 nomine
789 2263 904 2327 Christi
916 2268 1034 2327 unllam
1048 2267 1177 2330 collatus

198 2351 236 2412 sit
262 2350 399 2412 validus:
427 2351 557 2414 validum
584 2371 650 2415 esse
671 2355 881 2435 pronuntiasse
897 2353 1013 2416 videtur
1033 2354 1177 2419 Nicotaus

200 2438 291 2519 Papa,
308 2440 340 2500 in
354 2443 409 2502 sut
423 2443 618 2524 responsione
632 2441 670 2504 ad
685 2443 1026 2525 llulgarnrumquaesita‚
1041 2445 1095 2508 uhi
1109 2447 1152 2508 ait
1166 2467 1174 2506 :

202 2549 218 2586 a
238 2529 275 2590 Hi
293 2529 450 2611 praelecto,
465 2530 490 2593 si
505 2531 536 2593 iu
551 2532 674 2594 nomine
689 2533 742 2594 SS.
758 2531 927 2611 Trinitatis,
942 2533 989 2594 vel
1006 2535 1129 2595 tantiam
1144 2533 1176 2598 in

198 2639 213 2677 n
238 2619 362 2683 nomine
381 2619 508 2697 Christi,
532 2621 609 2682 sicut
628 2622 658 2680 in
681 2621 802 2683 Actibus
819 2621 1031 2701 Apostolorum
1052 2622 1175 2704 legitur,

199 2729 213 2764 p
238 2707 374 2790 baptizati
390 2717 459 2772 sunt
469 2711 577 2788 (unum
591 2709 703 2790 quippe
718 2708 859 2789 idemqun
869 2711 929 2786 est,
945 2709 1029 2772 utait
1043 2712 1176 2774 Ambro-

199 2819 214 2854 ι)
238 2796 322 2873 sius),
334 2798 507 2879 rebaptizari
519 2815 580 2858 non
592 2797 713 2858 dehent.
725 2819 741 2855 u
754 2797 812 2859 Sal
826 2796 914 2858 hodie
924 2804 1083 2862 etcertum
1093 2819 1177 2863 com

198 2886 331 2946 maniter
345 2885 471 2949 hahetur
488 2885 660 2966 hujusmodi
675 2885 862 2968 Baptismum
877 2905 999 2968 prorsus
1012 2905 1080 2949 esse
1096 2889 1177 2952 inra-

198 2970 315 3048 lidum;
337 2982 368 3034 et
393 2977 536 3055 proluatur
558 2994 597 3038 ex
619 2993 685 3056 cap.
710 2976 749 3038 st
770 2975 870 3037 recursi
890 2979 941 3051 30,
963 2975 1002 3038 de
1015 2977 1175 3055 (lensech,

197 3060 266 3122 dist.
281 3065 316 3134 4,
333 3061 385 3122 uhi
399 3063 537 3144 Pelagius
554 3067 631 3145 Papa
645 3064 717 3126 dicit
733 3082 740 3124 :
764 3067 823 3126 «δι
840 3063 869 3124 hi
883 3081 916 3126 se
930 3063 1124 3130 solummodo
1144 3069 1177 3130 in

197 3171 213 3209 s
239 3149 363 3212 nomine
373 3152 491 3212 Domini
508 3153 767 3234 baptizalnsluisse
781 3150 974 3228 confitentur,
990 3153 1056 3216 sine
1069 3157 1176 3236 cujus·

196 3259 213 3300 r
238 3255 369 3317 cumque
383 3236 577 3304 dubitationis
590 3243 743 3322 ambiguo,
758 3259 822 3306 eos.
837 3240 875 3302 ad
890 3239 981 3303 tidem
994 3241 1176 3307 catholicam

196 3347 213 3388 a
237 3326 401 3404 venientes,
413 3327 443 3388 in
458 3331 653 3393 sanctissimae
663 3331 815 3392 't'rinitatis
830 3330 954 3392 nomine
965 3331 1141 3410 baptizabis.
1158 3357 1173 3392 s

197 3413 273 3476 Vide
288 3414 375 3492 ilict,
391 3435 459 3479 ean.
474 3419 604 3499 83,quid
616 3421 705 3481 etiam
719 3418 798 3480 dieat
809 3421 839 3479 S.
852 3418 986 3480 Pontilex
1002 3419 1175 3484 Zacharias.

238 3505 327 3564 anto.
353 3505 533 3567 adtentum
559 3510 623 3568 Act.
647 3507 861 3588 Apostolorum
882 3506 1084 3570 diversimode
1108 3529 1176 3572 res-

199 3590 370 3667 pondetur:
393 3595 586 3656 communius
607 3601 708 3656 autern
730 3603 760 3658 et
784 3595 967 3676 probabilius
990 3597 1102 3658 dicitur
1120 3617 1178 3678 pro

200 3679 314 3741 nomine
329 3679 445 3744 Christi
459 3681 632 3768 ihiintelligi
643 3683 1175 3764 BaptiunurnhChristoiostilutum,
