2528 3996
493 307 579 353 stura
598 309 716 356 raruus.
1032 295 1090 359 5t5

120 425 137 463 s
161 401 347 477 transfertur,
358 411 648 485 censusperpetuos,
661 406 870 480 sauvitalitins,
881 404 1091 489 hypothecam,

119 515 136 552 a
161 491 342 554 locationem
366 499 395 554 et
425 491 658 554 conductionem
684 494 762 557 ultra
786 495 971 573 triennium,
993 503 1091 573 etc...‚

120 603 136 640 s
161 588 362 662 praeterquam
378 581 527 646 incasihus
547 583 563 641 a
581 581 650 660 jure
669 583 840 664 permissis,
862 583 926 645 lieri
948 587 1093 666 perpetub

119 691 136 729 s
162 669 277 732 inhibet
296 677 386 750 atque
407 668 575 742 interdicit,
599 671 713 753 absque
732 672 826 753 ipsius
847 673 1093 754 congregationis

122 781 139 818 r>
169 757 292 820 Concilii
314 760 454 839 expressa
481 757 600 820 licentia
622 759 654 820 in
677 760 794 840 seriptis
811 767 842 822 et
867 761 958 842 gratis
981 780 1092 824 mneo-

120 869 137 908 a
162 845 271 908 denda.
287 867 302 905 r
316 847 421 908 Postea
431 845 601 926 hujusmodi
617 854 700 909 actus
714 847 817 924 irritat,
833 855 862 910 et
872 855 979 930 preater
989 867 1093 932 poenas

122 934 298 998 tuecrerati
314 933 484 996 Ambitiosa
500 942 623 997 statutas
636 934 770 998 decernit
784 955 905 1018 poenam
920 937 1093 1020 privationis

123 1023 307 1100 officiorum,
328 1024 410 1085 vocis
427 1025 530 1086 activae
550 1031 580 1086 et
598 1024 738 1106 passivae,
759 1043 880 1088 necnon
903 1026 1094 1090 inhabilitatis

123 1111 322 1195 perpetuated
341 1111 390 1173 illa
404 1111 566 1173 obtinenda
579 1113 644 1194 ipso
654 1115 730 1176 lacto
745 1113 980 1176 incurrendam:
1001 1137 1016 1174 o
1037 1136 1091 1176 noa

122 1223 137 1262 a
162 1199 341 1262 obstantibus
354 1201 605 1262 carracetudim'bus
618 1202 707 1263 etiam
719 1203 987 1271 immemoriub'bus
996 1205 1093 1284 priui-

121 1313 138 1350 a
162 1290 248 1372 leptis
256 1335 266 1366 ,
292 1295 322 1352 et
348 1290 586 1352 ordinationibus
600 1291 770 1372 apostolicis
783 1291 1004 1372 quibuslibet.»
1019 1292 1093 1354 Vide

121 1379 275 1457 Ferreus,
289 1387 320 1439 v⁰
336 1378 506 1454 Ab'enotio,
522 1385 576 1440 art.
596 1383 634 1457 l,
651 1387 684 1440 n⁰
700 1383 749 1442 30.
942 1424 952 1436 .

163 1471 251 1531 uult.
286 1469 330 1530 Ex
352 1467 481 1549 praelatis
507 1467 698 1530 documentis
728 1471 760 1529 l⁰
780 1473 859 1549 patet
883 1469 1093 1532 alienationem

123 1557 274 1620 bonorum
291 1557 562 1619 ecclesiasticorum
575 1555 770 1618 immobilium
780 1565 808 1618 et
818 1557 967 1618 mobilium
980 1561 1093 1639 pretio-

125 1665 236 1714 sorum,
254 1655 283 1708 ot
296 1663 402 1708 omues
415 1644 625 1726 dispositiones
639 1647 669 1706 io
691 1647 735 1706 eis
747 1654 937 1708 enumeratas
949 1647 1028 1708 circa
1042 1649 1089 1708 hu·

122 1735 254 1814 jusmodi
269 1735 348 1796 bona
364 1753 428 1796 esse
443 1733 620 1815 prohibitas,
637 1735 661 1796 si
681 1733 756 1796 bant
773 1736 944 1798 inconsulto
959 1737 1094 1798 humano

125 1823 289 1900 Pontifire,
305 1829 505 1906 praeterquam
520 1823 550 1883 in
565 1823 683 1884 casibus
697 1825 792 1902 injure
806 1823 980 1905 permissis,
996 1842 1023 1885 r.
1040 1843 1069 1906 g.
1085 1873 1092 1900 ,

123 1913 149 1974 si
164 1913 253 1974 instet
267 1912 442 1978 necessitas.
455 1919 485 1972 et
499 1913 577 1992 Papa
590 1910 629 1972 de
642 1909 721 1974 lacili
735 1911 809 1974 adiri
826 1930 886 1974 non
902 1913 1005 1994 possit,
1021 1920 1055 1976 ut
1068 1915 1093 1974 si

122 1999 218 2064 fames
231 2001 388 2083 regionem
401 2000 551 2079 inissent,
564 2017 620 2062 uec
633 2001 729 2063 valeat
738 2001 823 2063 aliter
832 1999 1015 2082 pauperibus
1028 2021 1095 2082 pro·

123 2089 229 2152 videri.

166 2185 306 2242 2eta.-
325 2183 357 2242 2⁰
381 2180 465 2242 biota
487 2177 685 2260 prohibitione
707 2139 1005 2261 comprehenduntur
1032 2199 1093 2243 non

126 2269 225 2332 solum
237 2269 429 2350 Religiones'
423 2287 453 2329 m
468 2269 578 2348 quibus
591 2276 657 2329 rota
672 2269 818 2330 solemnia
831 2270 1025 2343 emittuntur,
1042 2269 1093 2330 sed

126 2357 215 2420 etiam
244 2375 352 2420 omnes
378 2357 524 2438 religiosa.
546 2357 836 2438 Congregationes
830 2375 860 2418 m
880 2358 990 2438 quibus
1013 2360 1094 2420 nulla

125 2441 216 2508 etiam
229 2447 408 2528 profitentur
421 2453 506 2519 rota,
521 2444 670 2526 siquidem
691 2445 736 2506 lex
757 2445 874 2525 attingit
894 2445 996 2506 omnia
1016 2445 1092 2507 bona

125 2535 343 2610 ecclesiastica;
360 2535 451 2616 pnrrb
466 2535 497 2596 in
510 2533 652 2595 omnibus
667 2533 809 2595 institutis
824 2533 955 2612 legitima
966 2539 1090 2594 auctori·

125 2630 186 2687 tate
200 2625 325 2702 erectis,
339 2624 417 2686 bona
431 2630 502 2686 sunt
514 2623 733 2695 ecclesiastica,
755 2622 810 2682 etsi
831 2620 912 2681 nullu
925 2627 992 2682 vota
1006 2622 1037 2681 in
1052 2623 1095 2684 eis

126 2713 311 2792 emittantur.
329 2715 426 2794 Ergo,
441 2720 498 2775 etc.

167 2805 231 2864 lmb
245 2787 335 2884 aliqui
351 2803 498 2864 sustinent
517 2799 630 2882 requiri
648 2799 872 2880 beneplacitum
893 2757 1095 2882 spostolicae

129 2909 184 2974 pro
197 2892 374 2954 alienatione
388 2893 477 2953 etiam
492 2890 641 2952 bonorum
660 2890 875 2971 pertinentium
889 2889 926 2952 ad
943 2890 994 2972 pio
1009 2911 1095 2974 opero

127 2981 206 3042 meri
228 2981 350 3042 loicolio
371 2980 455 3041 natta
479 2981 656 3041 auctoritate
675 2977 864 3040 ecclesiastici
892 2988 997 3042 erecto.
1021 2981 1096 3043 tide

129 3069 225 3131 Bouix
238 3088 274 3132 ex
292 3069 436 3132 Thesauro
450 3069 658 3131 resolutionem
669 3067 736 3150 (ih,
752 3077 826 3130 tom.
842 3071 872 3142 2,
887 3087 917 3150 p.
934 3072 1013 3146 289).

168 3162 258 3221 sats.
274 3161 354 3219 -30
368 3158 494 3220 Ordines
508 3165 608 3220 tamen
619 3161 775 3239 incapaces
788 3157 959 3238 possidendi
974 3160 1004 3218 in
1018 3175 1096 3218 com

129 3251 236 3326 muni,
263 3247 306 3310 uti
327 3247 457 3309 blinores
478 3247 675 3308 Observautes
697 3253 727 3308 et
754 3246 934 3327 sapuerint,
959 3263 1095 3326 compre-

129 3335 220 3398 hendi
237 3343 390 3418 nequeunt
404 3336 460 3398 sub
470 3335 669 3418 prohibitione
683 3335 831 3396 alienandi
845 3335 923 3396 bona
933 3333 1096 3396 immobilia

130 3425 300 3488 inconsulto
315 3425 393 3507 Papa
410 3443 418 3484 ι
434 3425 477 3486 eis
496 3425 576 3486 enim
592 3423 671 3486 bona
684 3423 856 3503 huiusmodi
871 3422 934 3483 dari
949 3430 1095 3504 possunt,

130 3531 193 3577 non
206 3512 327 3594 quidem
342 3521 375 3575 ut
389 3513 507 3575 retineri
522 3515 657 3590 valeant,
682 3513 735 3574 sed
755 3521 788 3574 ut
801 3509 930 3574 vendant
944 3518 1000 3589 ,et
1027 3511 1097 3574 inda

130 3610 305 3685 provectam
329 3601 488 3683 pecuniam
508 3602 540 3664 ia
564 3619 635 3664 usus
657 3619 729 3664 suos
756 3617 935 3663 consuluere
960 3609 1096 3682 queaut;

131 3691 258 3776 proinde
271 3691 343 3772 ipsis
356 3693 387 3754 S.
404 3691 539 3754 Poutitex
553 3709 614 3753 non
630 3689 756 3752 intendit
770 3689 982 3752 alienationem
994 3690 1097 3772 hujus·
