2522 4028
484 249 567 294 maen
589 249 707 293 narnus.
1021 232 1080 292 919

109 347 311 428 reperiantur.
323 345 497 408 conceditur
504 351 641 407 recusato
649 343 839 405 Pontilioium
854 343 1006 404 lndultum
1018 351 1049 405 ut
1063 349 1080 405 a

106 455 306 516 quocumque
315 432 754 516 Episcopoenlholiooordinari
762 432 866 494 valeat.
875 431 1078 510 ltoD.Bouix,

107 524 155 588 De
164 524 330 605 Episcopo,
344 531 367 585 t.
383 528 420 595 9,
437 543 466 604 p.
480 527 539 585 110
553 531 582 584 91
597 527 664 583 l'll.

152 624 242 684 1989.
265 621 430 701 Responsio
442 618 562 702 praeiata
576 615 769 698 intelligenda
782 621 828 679 est
839 616 877 679 de
891 637 947 678 non
957 619 1080 680 oratorio

108 709 152 771 ad
169 709 284 771 ordines
302 707 497 791 recipiendos:
513 725 584 769 nam
602 708 745 781 arctetis,
761 723 814 767 eeu
828 707 879 788 qui
900 706 1080 768 beneficium

109 797 269 860 obtentum
282 798 409 860 retinere
430 815 492 858 non
506 801 650 877 possunt,
663 794 720 856 nisi
736 793 812 856 intra
826 801 940 856 certum
962 800 1082 876 tempus

110 886 235 949 ordines
248 905 348 949 saeros
362 885 544 967 receperint,
560 903 621 946 non
637 885 754 944 lantum
770 901 830 946 non
846 882 913 944 lieet
926 883 991 945 sine
1002 883 1081 962 jusit

112 980 203 1038 eausa
216 976 365 1056 denegare
374 975 510 1048 ordines,
525 973 577 1036 sed
591 991 660 1036 oasu
671 991 731 1054 quo
743 971 938 1034 nihilominus
951 971 1081 1054 denego·

112 1073 228 1140 rentur,
248 1063 285 1126 iis
307 1063 408 1127 1199191
428 1067 444 1125 a
464 1063 514 1124 tali
529 1062 726 1144 denegatione
744 1062 864 1144 proprie
882 1061 1030 1144 appellare
1043 1060 1082 1122 ad

114 1154 322 1234 Superiorem
337 1153 486 1233 denegare
499 1151 580 1213 enim
601 1149 819 1212 ordinationem
834 1148 980 1229 ejusmodi
994 1149 1080 1212 eleri-

112 1242 158 1303 ois
176 1241 256 1304 idem
269 1249 315 1306 est
333 1260 369 1304 oc
388 1258 440 1303 eos
454 1238 607 1302 benefieiis
620 1239 754 1322 privare:
771 1240 860 1320 porro
875 1239 978 1301 nullibi
994 1239 1081 1320 Epis-

111 1331 197 1412 copis
206 1330 274 1392 data
284 1337 328 1394 est
338 1334 467 1410 poteslas
479 1327 604 1391 elericos
617 1329 678 1389 suis
692 1326 844 1388 beneficiis
852 1327 997 1408 privandi,
1007 1329 1081 1409 quin

112 1418 245 1498 privatus
262 1418 301 1480 ad
321 1417 513 1500 Superiorem
535 1417 684 1499 appellare
698 1415 801 1476 valeat.
817 1416 892 1477 Vide
907 1417 1002 1478 Rouix
1015 1463 1022 1494 ,
1037 1416 1081 1478 Be

112 1505 275 1587 Episcopo,
288 1513 310 1566 1.
326 1510 363 1583 9,
375 1526 405 1588 p.
424 1509 500 1582 168;
517 1513 546 1568 91
559 1504 636 1566 inira
649 1503 776 1565 dicenda
791 1507 901 1582 (6020).

155 1608 241 1667 1990.
259 1604 380 1679 Quaerit.
395 1609 428 1666 5·
438 1607 462 1666 Α
473 1621 607 1686 quonam
620 1601 790 1684 regulares,
805 1601 925 1665 ordines
934 1605 1081 1668 etlittoras

116 1691 327 1756 dimissoriales
340 1694 472 1776 recipere
485 1693 636 1756 debeant?

153 1791 244 1871 Resp.
261 1795 293 1852 l⁰
313 1789 414 1866 Quoad
430 1789 561 1864 ordines,
577 1789 623 1852 vel
637 1789 734 1872 agitur
747 1787 785 1852 de
798 1789 921 1852 tonsura
934 1795 963 1852 el
980 1789 1080 1852 mino·

112 1877 197 1940 ribus
211 1877 368 1942 ordinibus
380 1879 426 1941 vel
435 1877 473 1941 de
487 1877 669 1958 majoribus:

153 1980 188 2039 ln
203 1979 305 2060 priori
319 1997 402 2049 cusu,
428 1978 492 2040 haee
515 1977 645 2040 tenenda
665 1983 754 2040 sunt:
772 1977 872 2040 Abbas
891 1979 1036 2060 regularis
1053 1986 1082 2045 et

112 2065 291 2130 benedictus
304 2073 419 2148 polest,
435 2067 548 2148 absque
558 2065 677 2148 speciali
692 2066 865 2148 privilegio,
881 2067 1006 2131 subditis
1020 2071 1081 2133 suis

113 2154 263 2234 religiosis
272 2155 319 2236 (de
330 2155 447 2218 novitiis
455 2153 742 2218 controvertiturzll.
756 2155 859 2222 Bouix.
874 2155 916 2218 De
923 2157 1079 2240 Episcopo,

113 2249 189 2304 tom.
212 2247 249 2320 9,
265 2263 295 2325 p.
322 2247 389 2322 l9l)
411 2251 566 2306 tonsuram
592 2251 622 2306 91
639 2243 770 2306 minores
792 2244 913 2307 ordines
932 2243 1078 2310 conferre.

112 2331 238 2393 Constat
250 2349 287 2394 ex
307 2331 410 2394 multis
422 2332 510 2414 capit.
528 2332 603 2410 juris
617 2333 771 2408 canonici,
795 2351 904 2414 nempe
925 2353 989 2417 oap.
1009 2337 1081 2398 Ciam

112 2419 266 2500 continpot
277 2423 313 2492 9,
324 2417 359 2482 de
378 2419 643 2502 retemptatis,
663 2439 729 2502 cap.
747 2420 892 2496 abbates,
912 2423 946 2484 dr
959 2425 1079 2504 privil„

113 2507 145 2568 in
161 2513 210 2582 6⁰;
227 2509 354 2571 suflroiat
371 2507 481 2571 referre
501 2508 614 2570 Conoil.
638 2507 719 2570 Trid.
742 2509 825 2586 (sess.
848 2513 905 2578 93,
923 2531 989 2592 cop.
1007 2515 1079 2592 tot:

117 2617 133 2654 r
155 2595 356 2660 nubalibus...
374 2615 435 2658 non
450 2596 536 2660 liceat
555 2595 586 2658 in
607 2601 798 2677 posterum...
813 2598 953 2678 cuiquam
969 2602 1019 2680 qui
1035 2623 1081 2662 re-

113 2707 128 2742 »
152 2683 267 2764 putoris
279 2683 410 2747 subditus
428 2704 486 2746 non
505 2685 561 2758 sit,
577 2690 731 2746 tonsuram
745 2683 791 2746 vel
809 2685 942 2747 minores
962 2688 1080 2753 ordines

114 2797 128 2830 1
153 2772 303 2836 oonlerre.
322 2775 434 2855 »Ergo
456 2771 516 2834 sais
538 2771 726 2853 reputoribus
743 2770 889 2847 subditis,
910 2774 1080 2855 hujusmodi

113 2861 236 2924 ordines
249 2861 383 2924 conferre
398 2865 522 2944 possunt
533 2859 660 2922 abbates
671 2867 759 2940 prout
773 2868 908 2942 poterent
924 2868 1080 2930 1111911011-

113 2950 227 3013 oillum.
239 2952 282 3012 lta
289 2947 490 3012 omnestlide
499 2947 606 3023 Bouix,
618 2947 661 3010 De
669 2948 825 3030 Episcopo,
834 2957 908 3014 tom.
922 2957 956 3028 9,
967 2973 997 3036 p.
1012 2961 1077 3020 193.

155 3055 243 3116 raet.
260 3054 380 3114 Dictum
393 3055 423 3112 l⁰
433 3049 529 3112 Altos
538 3049 704 3131 repuleris:
716 3051 797 3113 unde
806 3053 896 3116 talem
906 3063 1080 3136 potestatem

114 3161 177 3205 non
194 3141 282 3204 habel
297 3139 396 3202 nubas
409 3139 573 3212 saecutaus,
589 3139 695 3201 nisiex
712 3141 866 3222 privilegio
878 3145 1011 3225 speciali.
1027 3149 1081 3228 (De

114 3231 192 3314 Syn.
207 3229 332 3304 dioeces,
345 3228 396 3290 lib.
414 3231 469 3302 19,
484 3245 550 3308 oap.
565 3229 619 3302 10,
637 3231 740 3303 n010.)

155 3337 242 3398 1999.
268 3331 430 3394 91111111199
445 3327 628 3401 benedictum
644 3347 730 3392 secus
745 3335 862 3407 sutem,
877 3335 1025 3418 quidquid
1039 3341 1079 3405 di.

114 3419 360 3497 9919911111111ο
376 3417 472 3493 Ordo,
488 3423 542 3478 ert.
559 3419 596 3490 3,
612 3421 646 3476 n⁰
658 3419 699 3496 9),
714 3419 738 3478 si
753 3419 888 3482 nondum
902 3436 979 3487 esset
992 3428 1079 3494 liene-

115 3509 230 3584 dietus,
245 3514 334 3589 proul
346 3510 463 3568 constat
480 3522 517 3565 ex
529 3522 594 3582 cap.
616 3503 688 3565 Cion
703 3508 851 3586 oontz'npor
869 3516 1077 3592 supracitato,

119 3607 146 3660 et
164 3596 253 3658 variis
277 3593 418 3657 declarat.
442 3594 473 3654 S.
489 3592 598 3670 Congr.
626 3593 734 3662 cono..
754 3597 920 3672 praesertim
939 3599 969 3660 in
989 3609 1079 3664 eausa
