2550 3992
214 267 272 332 cao
435 279 572 330 urucam
592 278 694 330 renus
713 279 794 330 tants
814 277 962 330 cauomct.

213 382 431 450 Eucharistiam
446 381 587 466 excipias.
597 383 679 466 Ergo
689 379 815 446 minime
827 381 1035 466 requiriturut
1047 383 1081 448 in
1094 401 1192 448 saera
1259 403 1260 444 r

214 479 386 537 mentorum
407 476 533 552 (praeter
548 471 1079 552 Eucharistiam)administratione,
1100 474 1188 538 simui
1259 505 1260 512 κ

214 559 358 642 incipiant
371 559 495 623 materia
508 567 538 623 et
550 560 665 632 forma.
680 566 738 624 etc.
757 561 833 632 Imd,
849 560 997 644 quidquid
1010 560 1093 624 dicat
1106 563 1191 642 Caie-

213 656 317 726 unus,
334 648 443 712 sufficit
464 649 542 712 inter
561 668 612 712 eas
633 649 707 712 unio
721 649 859 725 moralis,
874 650 947 731 quia
960 653 1190 712 Sacramentum
1259 665 1260 734 3

213 743 260 799 est
281 738 484 820 compositum
506 737 642 814 mora1c3
665 737 747 800 uude
768 739 886 800 etiamsi
905 747 1070 820 autequam
1096 739 1191 802 ioum
1259 745 1260 810 t

214 825 384 890 absolvatur
408 825 482 890 tiant
502 827 615 889 ablutio
636 827 682 888 rei
706 827 830 904 unctio,
855 833 927 904 etc,
942 827 1036 890 modd
1057 828 1136 889 unio
1157 830 1191 890 sit
1259 813 1260 842 1

214 915 354 992 muratis,
365 915 496 978 validum
508 915 564 978 erit
576 922 810 977 sacramentum.
822 917 864 978 Ita
877 917 1101 992 communiter,
1112 918 1191 998 apud

214 1003 245 1066 S.
270 1003 390 1084 Lignor.
413 1003 480 1080 (lib.
503 1007 540 1079 6,
557 1012 591 1065 n·
609 1007 650 1082 9).
672 1007 705 1066 ln
729 1004 812 1086 praxi
835 1011 938 1066 tamen
960 1006 1057 1068 tutius
1078 1012 1192 1081 estut,

214 1099 361 1172 quantum
376 1091 440 1153 tieri
451 1098 563 1173 potest,
575 1111 636 1154 non
651 1099 827 1174 separentur
840 1093 964 1156 materia
977 1101 1008 1156 et
1021 1093 1134 1158 forma.

254 1175 343 1241 atro.
365 1181 458 1242 Porrd
480 1179 544 1243 haec
564 1182 638 1244 unio
660 1182 781 1244 moratis
801 1181 918 1244 diuersa
938 1199 1004 1246 esse
1021 1181 1118 1246 debet
1141 1204 1192 1268 pro

215 1267 382 1332 diuersitate
409 1271 691 1345 Sacramentorum;
717 1272 813 1349 major
840 1271 922 1332 enim
949 1287 1015 1334 esse
1043 1270 1137 1335 debet
1165 1275 1193 1336 in

218 1353 383 1437 Baptismo,
404 1359 658 1436 confirmatione,
681 1359 982 1422 Extrema-Uncticne
1003 1367 1056 1422 aut
1082 1362 1195 1425 Ordine

216 1449 307 1527 quam
328 1447 358 1507 in
373 1447 574 1509 Sacramentis
588 1448 774 1510 Poenitentiae
793 1455 823 1510 et
841 1448 1023 1510 Matrimonii
1049 1467 1058 1510 r
1081 1453 1194 1514 etenim

216 1533 245 1594 in
266 1534 432 1615 prioribus,
448 1553 533 1598 mora
555 1535 646 1597 unius
667 1537 759 1598 l’oter
780 1536 1074 1618 materinraiiduret
1088 1541 1193 1602 Sacra·

215 1629 362 1696 mentum,
380 1627 464 1703 juxta
482 1625 513 1686 S.
530 1625 651 1704 Liguur.
667 1641 739 1687 cum
757 1625 910 1706 Tourueiy
923 1631 955 1687 et
967 1625 1056 1706 aliis,
1071 1626 1150 1690 dum
1165 1631 1192 1690 iu

216 1712 402 1788 innitentia,
425 1712 534 1776 suffieit
547 1713 597 1774 iila
617 1713 690 1775 unio
708 1732 802 1796 quam
816 1714 909 1794 exigit
921 1720 1006 1778 actus
1017 1715 1190 1794 judicialis:
1259 1717 1260 1728 ¹

215 1799 353 1864 distantia
371 1810 489 1876 tamen,
511 1802 610 1882 inquit
632 1801 713 1864 idem
726 1804 758 1865 S.
777 1802 913 1884 Lignea,
936 1821 999 1866 nen
1020 1811 1107 1868 tanta
1130 1825 1190 1872 esse

214 1887 303 1950 debet
314 1893 461 1971 quantum
474 1891 503 1952 iu
517 1890 630 1971 judicio
643 1889 775 1967 sorensi;
790 1889 865 1954 dicit
878 1897 979 1955 autem
993 1893 1085 1956 Croix
1097 1897 1186 1960 aalide

214 1977 324 2038 absolvi
341 1980 535 2060 poenitentem
549 1985 616 2060 post
627 1979 731 2042 horam
745 1982 764 2042 ia
777 1979 977 2044 confessione.

253 2068 287 2126 tn
308 2067 500 2130 matrimonio
522 2067 630 2130 suflicit
643 2067 740 2150 quod,
757 2067 835 2132 sicut
849 2070 880 2130 in
895 2069 961 2132 aliis
973 2075 1188 2155 marmoribus

215 2169 380 2216 consensus
400 2155 491 2218 unius
516 2163 645 2236 ponatur
664 2155 737 2218 dum
762 2157 884 2220 alterius
907 2176 1078 2225 consensus
1095 2165 1190 2228 adhue

215 2241 365 2302 moraliter
387 2251 565 2324 perseuerat.
589 2244 662 2307 Vide
685 2247 716 2308 S.
741 2246 864 2328 Liguor.
889 2246 1010 2329 (ibid),
1030 2251 1085 2331 qui
1112 2253 1191 2316 addit

213 2345 283 2390 cum
304 2329 403 2412 Lupo,
419 2331 546 2395 minime
566 2351 691 2414 peccare
705 2334 890 2398 sacerdotem
905 2339 936 2396 in
957 2335 1084 2419 praefato
1102 2360 1189 2420 casu,

213 2415 265 2496 qui
278 2417 316 2481 ad
331 2420 475 2500 maiorem
490 2421 536 2484 sui
551 2421 644 2484 animi
659 2423 791 2504 quietem
809 2423 918 2487 iterum
935 2443 968 2488 se
982 2424 1097 2492 iaceret
1111 2432 1190 2496 ordi·

214 2505 279 2568 nuri
293 2507 350 2571 sub
364 2508 546 2572 conditione.

252 2598 342 2660 utar.
357 2599 397 2662 Ut
409 2599 505 2661 uaiert
519 2601 757 2680 Sacramentum,
773 2601 951 2669 adhibendo
970 2612 1042 2670 sunt
1064 2612 1190 2676 materia

212 2689 243 2748 et
256 2684 352 2750 forma
367 2704 443 2769 quas
460 2687 594 2750 Christus
610 2690 807 2772 prescripsit3
823 2710 880 2756 nea
899 2694 931 2756 in
951 2695 997 2758 eis
1015 2695 1109 2760 debat
1126 2699 1190 2764 fieri

212 2773 273 2834 utia
300 2774 503 2839 substantiatis
529 2778 684 2840 mutatio:
713 2778 915 2844 substantialis
937 2791 1040 2848 autem
1064 2792 1190 2852 mutatio

213 2859 312 2941 fieret,
324 2863 347 2924 si
361 2864 565 2940 restantibus,
576 2866 743 2930 secundum
752 2885 946 2934 communem
954 2891 1045 2936 usum
1055 2883 1087 2938 et
1096 2874 1190 2942 homi·

214 2965 287 3010 num
302 2951 552 3032 aestimationem,
567 2953 722 3018 differrent
735 2959 858 3022 nomine
879 2967 909 3022 et
922 2978 955 3024 re
973 2961 1012 3025 ab
1031 2963 1071 3027 iis
1087 2971 1189 3046 quaed

211 3035 327 3100 Christo
342 3037 465 3102 inerunt
486 3043 641 3121 institutae,
657 3050 710 3107 aut
728 3047 819 3110 verba
837 3048 932 3112 uiium
951 3069 1076 3115 sensum
1097 3053 1189 3120 habe-

213 3133 289 3188 rent.
301 3128 344 3206 (S.
357 3129 490 3209 Lignum,
499 3129 555 3209 tu,
566 3141 600 3194 n⁰
612 3135 1188 3226 ii.)-0uandonnmhaecoontingant‚

212 3214 277 3277 tide
290 3214 404 3278 d'ctum
419 3216 541 3289 ibidem,
559 3227 590 3282 et
602 3223 681 3303 apud
694 3225 792 3286 varios
805 3225 972 3310 theologos.

251 3307 340 3366 utro.
356 3337 395 3351 -
409 3307 445 3391 lt.
461 3307 504 3369 De
525 3307 585 3371 tide
603 3319 648 3372 est
665 3318 780 3394 septem
799 3333 865 3377 esse
886 3318 1081 3383 Sacramenta
1098 3340 1106 3384 ε
1127 3325 1186 3386 «Si

211 3413 226 3450 a
251 3393 319 3472 <puis
341 3392 449 3456 dixerit
469 3397 663 3461 Sacramenta
678 3419 761 3464 novea
776 3402 850 3485 legis
868 3423 930 3467 non
949 3407 1186 3476 fuisseomniaai

211 3501 225 3535 a
250 3482 380 3544 Domino
397 3486 505 3546 Nostro
526 3485 682 3566 instituta,
706 3497 759 3552 aut
777 3509 844 3555 esse
862 3495 950 3575 plura
974 3496 1020 3559 rei
1044 3501 1185 3579 pauciora

211 3586 226 3623 a
250 3571 343 3647 quarn
358 3583 474 3652 septem
492 3573 652 3636 :videlieet
671 3577 878 3660 Baptismum‚
893 3583 1182 3666 Confirmationem,

211 3656 488 3740 tEucharistiam,
516 3661 750 3744 Paenitentiam,
778 3671 1183 3754 Extremam-unctionem,
