2528 3996
434 330 520 382 nura
540 336 656 386 emaus.
971 335 1030 399 aas

101 421 191 484 tote.
207 422 305 488 Electa
318 429 806 527 Superiorissaconlirmaridebet,
817 451 862 514 rel
873 453 890 514 lt
901 453 1030 522 Praelato

59 512 203 613 regulari,
220 513 244 575 si
259 515 330 580 huic
344 527 557 590 monasterium
571 531 737 613 subjaceat;
754 537 798 600 vel
814 540 853 602 ab
865 543 1028 630 Episcopo,

58 613 85 658 st
101 617 160 660 non
169 610 389 687 srtexetnptum
402 631 409 676 ι
422 613 446 674 si
460 617 529 679 verd
540 618 578 681 sit
588 618 760 688 immediate
769 628 839 691 Sedi
851 630 1027 712 llpostolicae

58 686 247 845 lllgjmffi
258 696 274 755 a
290 697 323 758 S.
339 699 484 766 Pontifioe
497 707 687 776 confirmatio
698 719 890 799 estpetenda.
904 721 1025 805 (Bouix,
1082 777 1084 786 .

57 793 100 838 aut
124 821 132 840 .
155 794 157 798 ·
183 825 191 843 .
249 789 277 846 t.
631 795 637 806 “

91 797 181 920 30lll
202 788 342 933 Ouarldib
356 863 394 925 sit
407 867 551 930 duratura
564 879 776 952 superacutas,
791 881 853 938 sive
866 882 946 960 apud
960 895 1025 942 mo·

50 945 146 1008 nieles
165 949 226 1011 sive
248 950 330 1032 apud
352 954 505 1034 regulares
526 957 620 1034 viros,
647 957 721 1021 nihil
745 964 762 1024 it
780 964 849 1042 J'ure
870 969 1026 1030 communi

49 1034 288 1100 determinatur:
304 1041 430 1123 proinde
444 1043 502 1106 hoc
515 1046 626 1125 pendet
639 1066 675 1110 ex
690 1051 869 1132 specialibus
881 1053 1025 1118 uniuscu-

47 1123 161 1206 jusque
174 1127 336 1210 Religionis
352 1132 625 1199 constitutionibus.

91 1216 181 1276 3015.
205 1218 326 1288 Ouaerit.
346 1224 379 1282 5ο
399 1224 445 1283 An
468 1229 497 1284 et
523 1231 672 1304 quatenus
698 1228 874 1310 Superiores
894 1231 1025 1315 religiosi

48 1301 169 1365 valeant
183 1304 213 1365 in
228 1307 412 1371 conscientia
426 1327 497 1372 suos
511 1311 646 1375 subditos
660 1315 815 1396 obligaret

91 1393 180 1474 ltesp.
199 1398 228 1455 l⁰
239 1396 360 1460 Certum
374 1403 419 1459 est
433 1399 609 1480 Superiores
624 1421 719 1484 posse,
730 1405 758 1466 vi
772 1407 865 1470 solius
874 1411 1027 1490 potestatis

48 1479 253 1560 dominativae,
269 1485 404 1548 subditos
418 1503 489 1550 suos
502 1487 647 1572 obligare,
663 1493 753 1555 etiam
767 1495 824 1556 sub
834 1497 946 1578 gravisi
961 1518 1025 1562 ma·

48 1569 172 1632 teriasit
185 1571 354 1652 sufficiens3
365 1575 431 1640 haee
437 1576 578 1660 obligatio
591 1579 687 1642 oritur
701 1600 763 1644 non
776 1583 877 1646 solima
890 1603 927 1648 ex
940 1593 1024 1665 voto,

49 1658 107 1720 sed
128 1660 216 1724 etiam
236 1681 273 1726 ex
294 1665 454 1728 traditione
474 1669 521 1730 sul
542 1687 636 1749 quam
654 1669 768 1734 faciant
785 1672 917 1754 religiosi
938 1676 1028 1756 proti·

48 1746 164 1827 tendo;
179 1749 346 1834 eademque
364 1760 509 1836 potestate
526 1756 659 1837 gaudent
676 1760 886 1841 Superiorissae
904 1763 936 1824 in
956 1783 1027 1827 con·

47 1839 190 1902 ventibus
202 1842 391 1906 monialium.
407 1843 482 1907 Vide
496 1863 586 1927 supra
598 1847 803 1929 (2801-9803).

90 1931 158 1990 Non
169 1929 395 1996 minuscertum
409 1941 454 1995 est
467 1935 609 1998 Praelatos
619 1937 861 2016 jurisdictionem
874 1941 1028 2007 ecelesias·

47 2017 141 2080 ticam
154 2018 316 2099 habentes,
334 2039 420 2104 posse
440 2024 531 2086 etiam
549 2043 587 2087 ex
606 2023 663 2088 hoc
682 2027 768 2090 titulo
782 2028 840 2092 sub
853 2033 934 2113 gravi
948 2032 1025 2096 obli·

48 2125 133 2188 gare.

92 2199 182 2260 3016.
206 2200 241 2259 ln
262 2218 334 2262 casu
352 2202 470 2263 tantum
489 2215 693 2282 necessitatis,
718 2207 835 2271 Praelati
857 2210 955 2274 solent
981 2219 1026 2278 uti

48 2303 125 2366 erga
138 2285 270 2351 subditos
284 2295 428 2370 potestate
438 2291 653 2370 jurisdictionis
665 2314 673 2355 ε
686 2295 836 2360 ordinarie
852 2317 912 2362 non
928 2301 1024 2384 impe·

48 2382 121 2435 rant
145 2375 202 2437 nisi
231 2377 339 2440 virtute
367 2379 460 2442 solius
485 2383 639 2461 potestatis
668 2383 880 2458 dominante,-
908 2389 1025 2472 hecque

48 2469 196 2546 potestate
209 2473 335 2529 utuntur
348 2467 521 2530 etiamdum
532 2469 647 2532 irritant
660 2479 727 2534 rota
740 2481 792 2535 aut
804 2475 877 2537 alias
891 2477 1024 2540 subdito·

47 2571 120 2614 rum
157 2555 370 2635 promissiones
385 2577 393 2634 ;
416 2557 470 2620 sed
505 2565 629 2621 utuntur
659 2561 866 2638 jurisdictione
903 2566 1026 2644 quando

47 2642 242 2724 dispensant,
257 2646 303 2708 vel
318 2645 439 2727 quando
453 2653 630 2728 potestatem
644 2649 809 2712 coactivam
823 2661 976 2714 exercent.

91 2736 181 2795 3017.
207 2735 319 2797 asserit
334 2737 369 2798 P.
385 2737 537 2799 Gautrelet
552 2736 624 2816 (ib,
640 2742 714 2800 torn.
730 2742 761 2816 2,
777 2759 809 2822 p.
830 2743 880 2820 30)
902 2741 941 2804 ad
963 2742 1028 2806 offi-

47 2820 159 2884 ciarios
172 2821 305 2886 minores
318 2826 571 2888 communitatum
585 2844 647 2889 non
662 2827 813 2910 pertinere
831 2829 981 2912 imperare
995 2832 1027 2896 oi

46 2909 222 2973 obedientie
240 2912 317 2988 uoti,
338 2913 392 2976 sed
414 2913 472 2977 hoo
492 2919 627 2997 spectare
647 2916 791 2979 duntaxat
810 2917 849 2980 ad
875 2919 1022 3001 abbates,

49 2996 187 3078 Priores,
210 3001 396 3065 Guardlanos
416 3009 447 3066 et
460 3003 534 3067 alios
556 3005 739 3088 praecipuam
762 3007 968 3073 auctoritatem
992 3011 1022 3074 in

46 3088 240 3152 monasteriis
254 3089 396 3154 habentes
412 3111 420 3154 τ
439 3094 510 3156 aLe
524 3111 593 3158 voeu
611 3091 836 3175 d’ooeissanee,
852 3098 967 3179 inquit,
985 3119 1024 3163 ue

47 3199 64 3236 a
91 3177 235 3242 s’adresse
248 3179 328 3245 donc
343 3199 396 3262 pas
409 3183 426 3244 a
440 3200 490 3245 ces
503 3183 675 3265 supe'rieurs
692 3183 890 3249 subalternes.
907 3189 1023 3269 Gepen·

47 3288 63 3326 a
90 3266 163 3327 dant
175 3285 216 3330 on
230 3276 302 3350 peut
319 3272 382 3332 etre
402 3272 591 3353 quelquelois
604 3272 703 3355 oblige
715 3271 754 3336 de
772 3274 837 3337 leur
854 3275 939 3338 obeir
952 3295 1023 3340 sous

48 3379 63 3415 n
91 3355 179 3437 peine
192 3356 230 3420 de
244 3358 356 3440 pe'ehe',
371 3357 447 3422 dans
460 3361 503 3423 les
512 3361 621 3425 limites
634 3361 672 3426 de
686 3362 766 3426 leurs
774 3363 918 3445 charges,
933 3383 1023 3446 parce

46 3467 63 3506 ι
90 3445 180 3527 qu'ils
205 3449 385 3530 participent
411 3451 429 3510 a
456 3449 483 3512 la
510 3450 667 3533 puissance
689 3451 728 3515 de
753 3452 939 3516 domination
962 3472 1022 3535 que

47 3557 63 3597 ι
88 3536 192 3598 donne
209 3555 249 3600 aa
267 3539 443 3620 Super-iem,
461 3539 748 3622 independamment
765 3545 864 3605 meme
884 3541 926 3605 du
940 3561 1019 3624 roeu,

45 3645 63 3686 a
90 3623 119 3687 la
132 3624 287 3689 condition
308 3626 346 3689 de
360 3628 471 3692 soeidte
489 3635 520 3693 et
540 3631 569 3692 la
587 3637 693 3693 nature
714 3631 752 3694 de
766 3631 883 3694 tamilla
897 3651 1021 3716 propres

46 3735 62 3774 s
89 3731 148 3778 aux
163 3715 297 3779 maisons
308 3717 493 3800 religieuses.
502 3740 518 3780 s
528 3719 615 3781 a-Et
628 3723 669 3802 (p.
682 3722 731 3802 at)
744 3719 809 3784 haec
822 3720 903 3784 idem
918 3722 1018 3786 addit:
