2522 4028
187 234 243 294 434
404 251 543 296 sinuara-
560 251 660 295 rorrns
680 251 760 296 suars
781 250 929 297 canorum.

186 357 232 410 tus
253 348 291 412 de
304 369 366 418 ren.
382 349 462 412 dicat
484 355 514 410 in
538 368 648 430 genere
666 349 801 427 judicem
815 350 926 412 debere
947 368 1004 413 suo
1027 369 1162 416 munero

186 437 270 518 lungi
285 440 397 518 absque
410 440 583 519 acceptione
598 457 807 519 personarum.

227 531 314 589 4956.
338 529 497 589 Fierentne
514 527 691 608 irregulares
712 527 731 588 ii
745 529 797 609 qui
814 527 948 590 lacerent
960 534 1012 590 aut
1025 529 1165 592 dicerent

188 615 299 696 aliquid
320 617 350 678 in
366 616 548 698 particulari,
563 635 598 678 er
614 635 675 697 quo
698 634 779 678 mors
799 625 851 680 aut
871 616 1017 680 mutilatio
1031 618 1165 698 alicuius

188 705 414 787 sequereturrol
424 706 656 782 acceleraretur,
666 723 694 766 v.
708 723 752 786 g,
763 705 901 786 urgendo
909 723 994 767 reum
1006 713 1041 767 ut
1049 707 1168 769 scalam

187 794 346 868 ascendat,
361 794 407 856 vel
420 794 548 856 dicendo
561 794 651 856 talem
667 793 696 854 in
714 794 882 874 particulari
897 811 963 856 csse
977 801 1074 856 morte
1084 796 1169 876 plec-

188 883 335 946 tendum?
348 881 482 944 -Nulla
494 889 539 944 est
553 881 582 942 in
597 882 655 944 hoc
667 881 825 945 dillicultas
838 883 862 944 si
875 889 1019 964 tanquam
1031 883 1168 946 ministri

191 970 300 1052 publici
326 970 399 1032 illud
421 970 552 1032 saciant:
575 989 677 1050 secus,
700 973 825 1052 quaestio
848 979 894 1033 est
905 979 1119 1049 controversa,
1135 979 1170 1036 el

190 1061 368 1120 sententiam
392 1066 552 1137 negantem
571 1058 656 1121 valde
677 1059 863 1141 probabilem
883 1066 969 1122 vocat
984 1062 1015 1122 S.
1039 1061 1167 1141 Lignor.

191 1165 260 1208 cum
275 1147 339 1208 aliis
360 1148 495 1229 pluribus
509 1147 571 1224 (lib.
589 1153 623 1222 7,
640 1147 680 1208 n¹¹
702 1153 759 1209 464
779 1155 810 1210 et
822 1149 906 1228 lot).
922 1149 1009 1212 unde
1022 1150 1171 1230 probabi-

192 1235 248 1296 libs
269 1245 476 1317 cooperatores
491 1237 522 1298 in
536 1241 626 1298 causa
640 1237 794 1314 sanguinis
813 1255 874 1299 non
889 1243 960 1300 sunt
974 1238 1170 1319 irregulareS,

192 1324 247 1386 nisi
261 1333 350 1405 agant
363 1333 396 1388 ut
409 1325 537 1388 ministri
557 1325 666 1404 publici
679 1326 819 1404 Justitiae,
843 1327 903 1388 sive
924 1325 961 1388 ad
975 1344 1072 1388 causae
1095 1347 1171 1408 pro—

193 1411 354 1491 bationem,
367 1414 427 1478 sive
440 1414 477 1476 ad
492 1414 690 1495 prolationem
705 1415 872 1492 sententiae,
884 1415 944 1476 sire
959 1414 996 1476 ad
1010 1417 1074 1494 ejus
1083 1435 1169 1478 ense

192 1502 355 1565 cutiouem.
371 1537 411 1552 -
424 1502 537 1582 (Theoi.
553 1501 667 1578 Telos,
686 1522 752 1584 cap.
769 1508 809 1581 2,
825 1511 879 1565 art.
897 1508 935 1576 8,
951 1503 1007 1583 4⁰.)

234 1595 321 1654 4954.
345 1593 459 1656 Dicitur
467 1597 499 1655 8ο
513 1595 575 1658 Per
587 1593 728 1654 ortionem
738 1611 775 1653 ec
786 1593 896 1652 naturai
909 1592 960 1652 sud
976 1591 1171 1672 ,666161644-

192 1697 243 1743 ces
265 1681 456 1744 ecclesiastici
479 1679 676 1760 degradatum
696 1680 847 1742 tradentes
867 1681 988 1742 brachio
1009 1682 1170 1762 saeculari,

194 1787 256 1831 non
270 1769 348 1832 fiunt
361 1770 547 1850 irregulares
564 1771 606 1846 (S.
624 1770 757 1850 Lignor„
775 1769 825 1831 lib.
841 1775 877 1843 Ἰ,
895 1778 928 1830 n⁰
942 1772 1027 1849 466.)

234 1861 277 1920 Ex
298 1877 364 1940 cap.
380 1859 534 1921 Sententia
548 1859 718 1939 sanguinis,
736 1878 772 1920 ne
785 1858 856 1920 cler.
872 1858 918 1920 vel
930 1878 1019 1936 mon,
1042 1858 1171 1922 vetitum

194 1954 239 2008 est
252 1948 368 2008 clericis
381 1947 412 2008 in
427 1947 518 2008 sacris
536 1947 725 2022 constitutis,
746 1947 791 2009 rel
806 1947 1006 2010 beneficiariis
1019 1954 1048 2009 et
1066 1949 1172 2010 omni-

195 2035 252 2096 bus
266 2033 463 2117 regularibus,
479 2053 511 2097 se
525 2034 722 2098 intromittere
732 2037 764 2096 in
778 2053 899 2098 causam
914 2036 1079 2117 sanguinis,
1090 2037 1174 2116 judi-

195 2123 291 2186 cando
303 2170 311 2200 ,
325 2123 532 2199 testificando,
547 2123 751 2205 exsequendo,
767 2130 840 2202 646,
855 2123 984 2206 idedque
1002 2125 1173 2188 mortaliter

196 2221 320 2294 peccant
333 2214 356 2274 si
379 2212 605 2294 quomodolibet
618 2212 656 2274 ad
670 2215 895 2275 exsecutionem
909 2213 1083 2292 hujusmodi
1097 2234 1170 2276 sen-

196 2303 295 2364 lentie
308 2301 458 2381 adjuvent.
475 2335 513 2346 -
527 2303 570 2377 (S.
586 2302 720 2382 lignos,
737 2301 788 2363 lib.
804 2307 844 2377 Ἰ,
861 2311 894 2363 n⁰
908 2303 992 2382 464.)

235 2393 323 2453 4964.
348 2393 454 2453 Veriirs
467 2390 616 2472 Episcopi,
635 2391 666 2451 in
678 2389 735 2453 hbc
753 2391 981 2471 irregularitate,
998 2391 1066 2453 licet
1080 2391 1171 2454 luerit

196 2480 322 2557 occulta,
339 2497 400 2542 non
415 2483 542 2561 possunt
554 2477 745 2560 dispensare:
757 2480 828 2559 quia
842 2479 956 2540 Concil.
972 2479 1106 2542 Trident.
1124 2481 1171 2542 lo·

196 2567 298 2648 quitur
312 2569 428 2630 tantum
438 2567 476 2628 de
491 2567 706 2648 irregularitate
714 2586 752 2628 ec
762 2566 866 2628 delicto
879 2567 1000 2628 occulto.
1013 2601 1051 2616 -·
1066 2567 1106 2647 (S.
1120 2571 1171 2630 Li·

197 2675 295 2738 guor.,
312 2656 363 2718 lib.
378 2661 396 2719 'l
409 2703 418 2734 ,
433 2663 467 2717 n⁰
480 2659 550 2730 468,
567 2655 677 2736 Ocrea.)

241 2769 256 2804 a
276 2745 393 2808 Praelati
413 2751 513 2807 autem
529 2743 681 2824 regulares
698 2743 775 2805 benc
790 2749 917 2825 possunt
936 2763 1008 2808 cum
1022 2747 1085 2809 suis
1099 2747 1174 2810 sub·

198 2857 212 2895 n
237 2834 305 2897 ditis
327 2835 502 2915 dispensare
516 2834 548 2894 in
561 2831 618 2894 hdo
639 2832 875 2912 irregularitate,
892 2834 953 2897 sive
972 2837 1091 2896 occulta
1109 2835 1172 2898 sire

197 2945 212 2984 a
239 2924 357 3004 publica
375 2942 383 2984 :
405 2923 513 3004 quia...
529 2921 754 2984 concessionem
770 2921 908 2985 universe
928 2922 1038 2986 habent
1052 2923 1173 3005 dispen-

198 3034 213 3071 6
239 3011 324 3075 sandi
346 3012 377 3074 in
398 3010 541 3071 omnibus
564 3009 845 3090 irregularitatibus,
867 3020 992 3094 excepto
1009 3012 1173 3076 homicidio

198 3121 214 3162 a
239 3100 417 3163 voluntario.
433 3121 448 3157 n
466 3102 497 3160 8.
514 3099 649 3180 Lignea,
666 3099 716 3160 lib.
736 3101 775 3176 7,
791 3107 824 3160 n⁰
837 3103 907 3162 468.

241 3193 329 3252 4953.
353 3187 555 3267 irregularitas
577 3205 613 3248 ex
635 3186 754 3249 delectu
777 3187 905 3250 lenitatis
928 3207 990 3250 non
1008 3191 1173 3253 incurritur

198 3297 236 3341 ex
257 3277 409 3339 occisione
427 3276 471 3337 rel
487 3275 674 3336 mutilatione
692 3279 761 3336 ante
780 3275 961 3358 baptismum
980 3281 1170 3358 commissis;

200 3367 270 3448 quia
284 3367 351 3444 jura
364 3363 402 3427 de
416 3364 487 3426 solis
498 3363 650 3445 baptizatis
665 3364 830 3445 loquuntur
845 3383 854 3426 ε
868 3383 935 3448 cap.
951 3369 1060 3429 86464
1075 3413 1084 3438 ,
1101 3367 1171 3430 dist.

201 3459 251 3517 tttl.
267 3456 310 3516 lta
324 3455 538 3516 communiter.
554 3453 628 3516 Vide
642 3451 743 3514 Theoi.
759 3455 872 3533 Telos,
883 3473 950 3537 cap.
966 3459 997 3534 2,
1012 3463 1069 3517 art.
1085 3460 1116 3534 8,
1126 3461 1170 3520 4⁰.
