2522 3992
210 243 269 304 son
430 259 567 306 uenuste
586 259 687 306 nonus
708 261 790 304 aunis
812 255 962 304 cruorum.

211 381 225 416 a
251 367 328 434 tern,
342 357 389 420 vel
408 358 556 421 incuriam
571 358 768 440 Superiorum
788 355 1035 418 subministrandi
1060 356 1198 422 subditis

211 469 226 505 a
252 447 435 519 necessaria,
450 453 576 528 possunt
596 447 719 510 concedi
735 444 854 528 peculia
868 443 905 506 ad
921 450 1028 506 nutum
1044 445 1197 510 Praelato·

212 557 227 595 5
252 553 320 597 rum
337 555 344 596 ε
360 537 434 600 ratio
448 537 519 618 quia
535 535 669 597 l‘rident.
686 541 760 598 tunc
780 533 913 614 praecipit
931 533 1080 614 religiosis
1099 535 1197 598 vitam

211 645 227 682 5
251 642 465 703 communem,
479 627 550 688 cum
564 625 582 686 t
595 631 745 688 conventu
758 622 839 686 attat
852 621 931 706 qudd
940 623 982 685 rt't
993 627 1196 688 necessarium

213 733 228 772 5
252 711 418 794 denepeeur.
436 735 451 772 u

252 805 341 866 2758.
365 803 453 866 Medd
468 809 571 866 autem
588 801 736 883 religiosis
750 801 920 864 necessaria
933 800 1194 882 suppeditentur,

203 885 354 953 ¹tenentur
369 891 424 972 ipsi
448 893 577 973 peculia,
593 893 683 955 etiam
698 910 769 953 cum
784 909 840 953 usu
860 889 1043 972 dependenti
1066 889 1195 967 habita,

215 979 354 1056 abjicere,
366 980 389 1040 si
401 981 577 1063 Superiores
586 981 675 1043 vitam
690 997 885 1042 communem
899 985 1067 1042 restaurare
1077 979 1194 1042 velint:

216 1075 375 1148 neapotest
388 1069 476 1148 objici
492 1070 630 1151 praxisin
645 1067 918 1150 contrarium,quia
924 1065 1035 1150 peculii
1041 1086 1121 1131 usus
1132 1089 1197 1132 non

215 1161 328 1220 estnec
341 1165 510 1238 potestesse
526 1159 623 1222 licitus
638 1157 693 1219 nisi
703 1176 774 1220 cum
786 1156 1005 1239 dependentia3
1017 1163 1047 1217 et
1061 1159 1197 1239 proinde

215 1261 332 1307 cessare
353 1245 442 1310 debet
459 1247 559 1310 statim
578 1265 613 1309 ac
632 1247 807 1328 Superiores
830 1244 904 1310 illud
925 1244 1103 1380 prohibent„
1119 1248 1197 1310 Vide

216 1349 265 1414 ap.
282 1337 317 1395 D.
334 1335 441 1413 Bouix,
458 1336 499 1398 it.

256 1425 334 1486 Usus
354 1425 440 1526 pecul
441 1426 465 1486 ii
490 1444 551 1488 non
569 1431 667 1508 potest
685 1425 765 1488 licite
789 1373 939 1487 introduci
960 1422 1013 1486 ubi
1032 1422 1118 1507 viget
1139 1428 1199 1488 uita

216 1515 400 1576 communis.
417 1513 538 1577 VideS.
555 1515 691 1596 Lignor„
707 1513 779 1576 ibid.

256 1605 345 1664 2759.
360 1606 433 1664 --0ο
448 1602 551 1675 Quoad
565 1602 753 1665 conditiones
771 1601 881 1685 quihus
896 1603 1014 1685 peculia
1028 1609 1058 1666 et
1073 1605 1197 1668 Lr'uelta

217 1707 271 1752 eeu
284 1709 392 1754 census
404 1691 535 1773 legitime
549 1691 650 1754 haberi
666 1700 811 1773 possunt,
827 1709 955 1755 nurnero
967 1693 1111 1774 quinque
1124 1711 1197 1756 eno·

218 1784 395 1842 meranturl
407 1781 542 1844 Ferrario
552 1785 592 1859 (5·
607 1779 761 1858 Mortales,
774 1787 829 1842 art.
841 1784 872 1858 2,
889 1790 921 1843 n·
931 1783 1000 1859 ill:
1015 1783 1194 1848 «Primo...

218 1889 233 1924 a
258 1869 339 1949 quod
354 1867 531 1947 (moniales,
547 1869 627 1931 idem
641 1868 690 1932 dic
708 1868 746 1930 de
761 1868 918 1950 religiosis)
933 1867 1063 1931 habeant
1076 1871 1194 1954 depen-

218 1977 233 2014 a
258 1957 363 2018 denter
385 1961 404 2020 d
424 1959 576 2020 voluntate
599 1957 785 2039 Superioris;
807 1958 929 2020 securrdo
950 1965 983 2020 ut
1002 1958 1063 2020 sint
1083 1971 1196 2041 paratae

219 2066 233 2102 a
259 2046 409 2125 peculium
438 2048 615 2128 consignare
643 2047 813 2110 adnutum
840 2047 976 2126 ejusdem
999 2047 1192 2128 Superioris;

218 2155 234 2192 a
260 2134 369 2210 tertia,
390 2141 423 2196 ut
437 2138 580 2215 pecunias
593 2142 767 2198 convertant
781 2136 812 2196 in
826 2135 924 2197 licitos
937 2141 968 2198 et
984 2135 1051 2216 pios
1064 2155 1192 2209 usus...;

218 2243 233 2280 u
258 2230 381 2302 quarto,
392 2221 474 2304 quod
485 2241 546 2284 non
556 2226 593 2285 sit
603 2225 753 2306 peculium
764 2223 967 2306 superlluum;
980 2224 1101 2306 quinto,
1115 2227 1195 2308 qudd

219 2331 234 2370 5
258 2310 296 2371 sit
318 2329 410 2391 penes
428 2330 550 2393 capsam
571 2312 717 2395 depositi,
740 2331 794 2376 seu
814 2313 953 2374 aerarium
975 2329 1192 2378 commune·

218 2400 315 2460 -Ex
330 2399 477 2463 Collatore
491 2409 593 2463 tamen
613 2401 819 2482 andegavensi
835 2405 935 2481 posset
948 2400 1021 2482 poni
1043 2404 1192 2474 seorsim,

219 2487 264 2551 vel
279 2489 413 2551 arrnotari
430 2489 461 2550 in
476 2489 601 2570 registro
616 2489 672 2551 sub
687 2491 810 2552 nomine
822 2489 953 2570 religiosi
971 2489 1019 2552 cui
1035 2491 1195 2570 pessuium

219 2577 326 2656 datur,
343 2577 432 2640 modo
451 2596 512 2639 non
526 2577 565 2638 sit
577 2577 634 2640 suh
654 2577 733 2640 illius
752 2597 856 2641 manu.
878 2577 953 2640 Vide
967 2580 1001 2640 P.
1017 2579 1194 2658 Gautoelet,

224 2667 274 2729 Tr.
290 2667 324 2729 de
340 2666 422 2728 l'e'tot
436 2667 537 2748 relic..
555 2675 629 2728 tom.
647 2669 680 2744 l,
696 2687 726 2748 p.
743 2666 1005 2742 5755051855.

258 2759 348 2819 9760.
372 2757 448 2818 Cum
461 2755 595 2818 Trident.
611 2755 751 2836 Synodus
759 2755 864 2834 jubeat
878 2763 911 2817 ut
924 2755 1026 2818 omnia
1040 2753 1125 2818 bons
1138 2757 1195 2820 So-

217 2845 332 2930 periom'
354 2844 519 2915 tradantur,
542 2863 604 2908 non
627 2851 724 2926 potest
743 2843 899 2926 religiosus
923 2845 1074 2927 peculium
1099 2863 1193 2909 suum

220 2934 301 3015 apud
313 2951 346 2996 sc
362 2952 511 2997 asservare
527 2953 535 2996 ι
551 2934 576 2997 si
590 2939 692 2995 tamen
710 2934 857 2996 contraria
876 2933 1047 2996 invaluisset
1059 2951 1191 2996 eonsue-

222 3022 311 3101 tudo,
328 3040 389 3085 non
413 3023 505 3106 liquet
527 3023 609 3085 illam
624 3041 689 3085 esse
706 3021 833 3086 omnino
852 3021 1070 3103 abjiciendam
1096 3023 1191 3086 modo

220 3117 321 3173 lamen
336 3112 491 3194 religiosus
505 3111 657 3193 peculium
671 3129 760 3173 suum
778 3129 841 3173 non
855 3110 895 3172 ita
908 3110 1036 3174 occultet
1049 3116 1082 3172 ut
1095 3111 1190 3176 clavi·

220 3197 278 3262 bus
290 3199 424 3272 obserat,
440 3200 603 3280 quominus
616 3199 654 3262 de
667 3217 704 3262 eo
718 3200 861 3282 Superior
874 3206 1003 3280 nequeat
1018 3197 1112 3261 tibere
1125 3201 1190 3264 dis·

220 3307 334 3374 ponere
351 3308 358 3349 ε
374 3287 446 3350 5055
468 3305 529 3349 non
548 3296 676 3351 servaret
693 3307 764 3351 oum
785 3287 989 3371 dependentia
1006 3288 1188 3369 Superioris.

220 3378 295 3440 Vide
308 3377 387 3458 apud
403 3375 515 3452 Bouix,
531 3375 584 3454 ib,
600 3396 630 3457 p.
646 3381 715 3439 551.

260 3469 348 3525 Sidi.
365 3465 539 3544 Supradiota
553 3464 660 3536 tinello,
673 3483 726 3528 seu
736 3483 843 3528 census
856 3463 894 3528 ad
908 3483 981 3528 usos
993 3465 1190 3548 particulares

221 3551 346 3629 alicujus
368 3553 512 3632 regularis
524 3551 673 3631 destinati,
687 3555 825 3617 constitui
847 3563 1002 3636 nequeunt
1019 3556 1036 3616 l
1053 3572 1189 3620 consan-

222 3637 341 3714 guineis
353 3647 403 3701 aut
422 3639 487 3702 aliie
506 3639 563 3702 nisi
577 3658 648 3704 cum
661 3643 850 3725 superiorum
863 3641 1001 3721 lieentia,
1016 3648 1045 3706 et
1058 3659 1190 3710 monas-
