2486 3984
440 211 526 260 uem
547 211 665 258 raruus.
981 191 1034 254 lli

82 331 96 372 s
116 310 180 374 rerd
192 312 323 374 l'onsura
337 329 399 374 uon
413 321 458 374 est
477 311 590 386 ordo..‚
607 308 659 372 sed
681 307 799 371 tantum
822 305 977 388 dispositio
1000 305 1037 369 ad

83 423 97 460 r
118 400 275 462 ordines.»
292 401 588 482 (1t1,ud.S.Liguor.
606 398 657 460 lib.
674 403 709 471 6,
727 407 760 459 n⁰
775 400 857 473 rat.)

116 489 161 550 Sic
173 489 251 550 enim
268 489 415 552 scribebat
429 491 459 552 S.
477 489 633 551 Cornelius
648 489 727 569 Papa
742 485 778 548 ad
797 483 964 548 Fabianum
980 485 1036 545 dn·

81 577 240 640 tiocbenum
258 577 296 640 de
310 581 475 642 Noratiano
496 597 503 640 :
524 577 715 660 «ignorabat
735 575 820 638 ille...
838 593 934 638 unum
955 573 1036 655 Epis⁴

80 690 93 726 s
113 685 217 748 copum
227 675 440 749 esseoporterc
454 667 624 730 inEcclesia
641 665 802 741 Catholici,
818 665 849 726 in
864 667 925 746 qut
938 671 1036 725 lamen

80 781 92 816 n
114 756 219 820 sciebat
232 757 424 839 presbyteros
437 775 503 820 esse
516 764 646 839 quatuor
658 763 688 830 et
701 754 910 838 quadraginta,
925 761 1037 835 septem

80 853 209 909 sautem
232 847 401 924 Diaconos,
429 847 616 928 totidemque
630 845 857 922 subdiaconos,
881 841 1040 924 acolythos

81 957 93 994 r
115 933 184 999 duos
199 941 228 998 et
241 935 458 1018 quadraginta,
483 937 651 999 Exorcistas
664 943 694 998 et
706 936 845 999 Lectores
858 950 929 997 curn
943 931 1039 994 Ostia-

82 1046 95 1084 »
115 1025 162 1087 riis
174 1025 513 1107 quinquagintaduos.r
524 1027 598 1088 Item
612 1025 704 1088 videri
712 1032 809 1107 potest
817 1022 913 1087 forma
922 1021 1041 1085 ordina·

81 1113 159 1176 tionis
171 1114 557 1196 singulorumgraduumin
567 1115 679 1177 Concil.
694 1113 776 1174 dicto
803 1109 945 1190 Cartlrag.
958 1111 1009 1172 lll.

116 1207 196 1266 4664.
219 1203 309 1286 Apud
331 1211 432 1267 tamen
456 1206 575 1267 Graecos
596 1203 685 1268 bodie
703 1206 822 1267 tantinn
843 1209 1040 1266 numerantur

80 1291 227 1375 Episcopi,
254 1293 446 1374 Presbyteri,
466 1293 608 1370 Diaconi,
630 1293 811 1357 Subdiaconi
832 1299 863 1357 et
889 1293 1037 1356 Lectores.

80 1383 194 1444 llunera
202 1383 274 1444 rerd
282 1401 351 1464 quae
360 1382 440 1464 apud
452 1400 506 1445 nos
516 1383 683 1445 minoribus
692 1383 848 1447 ordinibus
855 1383 1039 1460 tribuuntur,

81 1470 163 1532 Greci
185 1473 295 1554 partim
318 1471 480 1535 lectoribus
501 1471 586 1543 dant,
612 1474 722 1555 partim
740 1473 941 1536 subdiaconis.
966 1471 1041 1534 Vide

81 1557 229 1639 lequeux,
246 1567 281 1621 n·
294 1563 365 1622 444.

116 1653 198 1712 roos.
221 1652 257 1712 ln
272 1649 425 1732 duplicem
435 1649 561 1714 classem
575 1648 697 1712 ordines
705 1649 894 1733 dividuntur,
904 1659 938 1716 ut
951 1654 1042 1720 modo

80 1737 199 1802 vidimus
223 1759 261 1802 ex
284 1738 398 1801 Concil.
413 1738 547 1801 l‘rident.
570 1743 679 1818 (4663),
700 1742 730 1802 in
746 1743 874 1822 majores
892 1761 1002 1826 nempe
1015 1747 1043 1807 et

84 1828 206 1892 minores
219 1849 227 1892 ε
240 1829 372 1908 majores
380 1829 469 1892 hodie
478 1828 626 1892 habentur
636 1829 854 1910 Sacerdotium,
865 1833 1045 1896 Diaconatus

81 1921 107 1976 et
118 1917 374 1994 Subdiaeonatus,
388 1918 485 1981 oaeteri
500 1920 571 1981 verb
586 1926 617 1982 ut
631 1919 764 1984 minores
780 1929 967 2006 reputantur.

116 2007 297 2070 Praesentem
312 2007 476 2069 sectionem
485 2006 651 2072 dividemus
661 2010 692 2070 in
706 2009 886 2093 triacapita:
901 2013 932 2075 in
946 2014 1045 2096 primo

80 2111 197 2174 egemus
220 2096 260 2158 de
283 2095 401 2174 objecto
428 2102 458 2158 et
478 2095 666 2160 facultatibus
689 2098 878 2180 singulorum
902 2102 1045 2166 ordinum

81 2185 197 2245 seorsim
210 2193 404 2266 sumptorum
412 2205 420 2261 ;
432 2184 463 2246 in
477 2186 621 2264 secundo,
636 2186 674 2250 de
688 2190 838 2270 requisitis
852 2189 888 2252 ud
899 2195 1044 2274 receptio-

81 2289 145 2334 nom
162 2274 206 2336 vel
222 2274 401 2336 exercitium
416 2275 575 2351 ordinum;
591 2274 733 2356 intortio,
754 2277 793 2342 de
807 2279 1046 2363 obligationibus

82 2378 180 2424 eorum
194 2377 250 2446 qut
264 2362 420 2426 ordinibus
434 2370 505 2426 sunt
518 2365 641 2439 initiati.¹

457 2641 604 2711 CAPUT
629 2645 659 2716 Ι.

111 2801 310 2857 ottobonum
330 2803 369 2854 ur
389 2805 626 2856 Facutrarlbus
645 2804 853 2858 SINGULORUM
874 2805 1021 2860 ommutuit

383 2901 519 2953 ssonsrn
543 2903 750 2956 SUMPTORUH·

506 3071 587 3136 Ant.
611 3072 634 3139 l.

446 3216 488 3262 un
521 3217 694 3268 rousunn.

127 3356 219 3417 4666.
239 3357 298 3418 Per
310 3357 479 3418 'tonsuram
492 3355 667 3438 intelligitur
680 3379 696 3417 u
708 3357 793 3422 Ritus
807 3357 950 3423 solemnis
963 3361 1053 3426 eccla·

90 3461 104 3499 n
126 3442 264 3508 siasticus
281 3447 448 3508 consistens
467 3444 499 3506 in
520 3443 576 3507 levi
596 3445 775 3510 detonsione
793 3449 970 3532 capillorum
983 3470 1055 3514 cum

92 3551 105 3586 r
127 3531 219 3595 certis
231 3533 328 3598 verbis
340 3553 396 3617 per
408 3531 581 3596 ministrum
595 3534 740 3599 idoneum
750 3537 936 3616 celebratus,
951 3557 987 3600 ex
998 3540 1056 3599 ins

93 3641 106 3680 ι
129 3619 268 3686 titutione
287 3623 446 3705 Ecclesiae,
461 3623 636 3706 significans
656 3625 825 3691 masculum
842 3625 1021 3706 baptizatum
1039 3623 1056 3682 t
