2528 3996
460 242 545 292 6661
568 247 683 296 urruns.
997 233 1056 304 613

95 333 195 398 debent
217 335 332 400 Judaeis
353 343 501 404 committi
520 345 617 408 olireia
638 347 759 428 pulrlioo
780 351 892 432 quibus
912 339 1058 436 rompetit

95 431 211 508 potestus
232 427 263 488 in
281 426 478 492 christianos:
498 435 598 496 uelum
617 437 656 497 sit
678 439 766 499 nitriis
788 440 953 504 absurdum
975 443 1057 525 qudd

94 535 108 574 r
129 513 316 597 blasphemus
333 515 440 579 Chr-isti
462 518 494 582 in
519 521 701 586 christianos
718 528 778 587 rim
797 531 950 608 potestatis
972 549 1058 596 exer·

94 611 225 754 606166.»
243 604 495 684 6166611666,
511 610 555 674 De
567 609 707 689 tudem,
723 620 834 698 purs5,
849 615 902 682 lib.
917 621 949 698 5,
963 620 1009 682 tit.
1023 625 1054 702 6,

95 709 112 753 6
154 696 182 754 6.

128 785 212 846 3148.
232 783 323 865 Resp.
343 789 376 848 2·
389 786 596 852 communiter
617 791 754 854 infideles
772 811 834 857 non
855 802 927 859 sunt
948 795 1056 861 admit·

94 869 166 932 tendi
187 869 225 932 ad
244 889 294 933 eus
313 891 413 937 sueres
433 875 601 940 functiones
621 879 823 961 inspiciendus
841 903 910 963 quae
930 888 1058 968 proprios

94 966 156 1022 sunt
181 959 316 1042 religioni
337 962 526 1040 christianos,
550 973 622 1050 puto
648 969 749 1031 missae
771 969 963 1035 sucrificium.
984 975 1059 1038 Vide

95 1045 278 1111 euboniam
294 1049 323 1122 (3
339 1070 424 1132 pars,
443 1073 474 1136 q.
495 1058 553 1134 86,
574 1063 630 1118 art.
650 1062 688 1134 4,
703 1056 742 1119 ad
764 1060 808 1135 lli
830 1060 933 1122 Canon
957 1071 1058 1126 autem

95 1135 247 1220 Episcopus
259 1143 308 1216 61,
323 1139 542 1221 6666666661,
557 1143 624 1206 dist.
641 1149 681 1223 2,
696 1163 733 1208 ex
753 1144 865 1210 Coneil.
885 1148 1056 1231 carthagin.

95 1227 128 1286 tv
144 1231 307 1290 extractus.
329 1229 374 1292 sio
399 1229 514 1294 hebet:
541 1234 737 1314 «Episcopus
761 1235 878 1300 nullum
904 1237 1061 1317 prohibeat

91 1335 105 1373 „
128 1315 240 1396 ingredi
251 1313 410 1382 ecelesiam
423 1318 661 1382 audirevertmm
674 1321 739 1396 Ilei,
755 1319 817 1384 sive
827 1324 981 1404 gentilem,
997 1328 1060 1389 sive

91 1425 106 1461 r
128 1401 297 1467 hereticum
311 1456 317 1482 ‚
334 1405 551 1486 sivejudaeum,
566 1409 713 1490 usquead
729 1409 851 1472 missam
869 1413 1059 1477 catechume

92 1513 106 1549 6
129 1511 270 1556 norum.»
284 1497 313 1558 Si
333 1507 435 1557 tamen
450 1496 519 1559 boni
534 1497 649 1559 tructus
663 1506 869 1579 sperarentur,
886 1517 947 1562 uon
961 1509 1061 1564 essent

92 1581 254 1664 expellendi
268 1585 284 1645 3
299 1584 406 1654 misse.
423 1585 505 1664 juxte
520 1587 563 1649 lle
576 1587 672 1668 Lugo,
687 1604 735 1669 ap.
749 1587 907 1669 Loquetur,
918 1592 954 1652 6ο
967 1594 1057 1664 1361,

92 1670 121 1732 t'n
131 1671 198 1752 fine.
213 1671 287 1735 Vide
302 1672 378 1734 inira
393 1676 503 1752 (6130).

128 1763 215 1824 3149.
231 1760 310 1834 Ouid
327 1763 399 1824 verd
420 1763 456 1824 sit
475 1762 667 1826 sentiendum
687 1764 726 1826 de
748 1763 856 1828 ritibus
875 1765 1061 1830 Melabaricis

89 1855 139 1912 eut
157 1849 343 1926 Sinensibus‚
357 1849 425 1912 vide
438 1852 561 1914 Constit.
578 1851 691 1914 Berred.
706 1853 772 1915 lllV
789 1853 926 1915 Omnium
945 1854 1058 1916 solliei-

90 1937 232 2010 tudinum,
250 1945 280 2001 et
291 1939 416 2002 Constil.
432 1939 465 2002 Ε
464 1959 487 2002 e
499 1959 557 2023 quo
569 1941 718 2022 singulari
722 1961 734 2012 ,·
748 1947 780 2003 et
791 1941 883 2004 oliam
896 1943 1057 2025 Lequeux,

89 2036 121 2089 6ο
137 2031 224 2091 1340.

126 2119 217 2180 3160.
234 2116 352 2190 Ouaerit.
375 2121 408 2180 3·
428 2121 473 2181 dn
494 2132 559 2182 stne
582 2136 735 2182 consensu
754 2125 914 2202 parentum
934 2109 1061 2186 suorum

88 2205 228 2287 baptizari
244 2206 358 2288 possint
372 2205 424 2268 lilii
440 2206 630 2271 infidelium?

127 2295 277 2377 Respllel
292 2295 332 2356 illi
349 2295 484 2358 infideles
497 2297 618 2360 luerunt
633 2303 720 2360 66166
734 2295 858 2374 fideles,
874 2303 905 2362 et
917 2303 990 2361 tuno
1003 2300 1058 2362 etsi

87 2401 168 2446 unus
179 2401 285 2447 eorum
294 2383 441 2448 duntaxat
453 2385 558 2448 luisset
569 2386 647 2460 talis,
658 2403 764 2448 eorum
780 2387 889 2467 proles,
904 2387 975 2468 ipsis
989 2387 1060 2450 invi·

84 2474 142 2549 tis,
159 2473 301 2554 baptizari
316 2480 424 2556 potest,
439 2474 510 2554 quio
524 2482 664 2556 parentes
675 2480 835 2535 remanent
847 2473 904 2536 sub
918 2481 1060 2555 potestate

83 2561 249 2638 Ecclesiae;
264 2563 311 2625 vel
325 2579 444 2644 semper
458 2561 595 2624 infideles
609 2561 740 2635 luerunt,
751 2567 781 2623 et
793 2567 866 2624 tunc
879 2561 1060 2641 regulariter

82 2669 196 2714 eorum
210 2650 262 2712 filii
280 2670 339 2713 non
355 2659 425 2714 sunt
438 2649 604 2734 baptizandi
620 2650 686 2713 sine
700 2649 821 2712 illorum
841 2667 1004 2712 consensu.
1018 2651 1060 2712 lle

82 2741 222 2803 sentiunt
235 2739 436 2802 communiter
452 2739 583 2822 theologi
601 2747 631 2802 et
643 2739 825 2802 eenouistae:
841 2738 916 2800 ratio
929 2745 974 2800 est
990 2738 1061 2819 quia

81 2829 130 2890 rel
147 2829 277 2891 infantes
289 2828 462 2907 hujusmodi
478 2829 722 2910 relinquerentur
737 2827 794 2889 sub
808 2826 903 2907 patria
918 2833 1061 2908 potestate

81 2919 131 2980 vel
147 2917 187 2980 ub
205 2921 241 2980 et
255 2917 494 2980 subducerentur
509 2936 517 2979 ε
532 2917 557 2980 si
572 2917 671 3000 priirs,
688 2915 817 2978 evidenti
839 2915 972 2997 periculo
990 2934 1060 2997 pro·

80 3006 251 3068 tonationis
272 3014 301 3068 et
321 3005 469 3088 sacrilegii
489 3015 689 3087 exponeretur
707 3003 801 3087 gratio
821 3004 1060 3080 sacramentnm

80 3095 255 3178 posterius,
271 3096 379 3174 iniuria
393 3095 485 3176 gratis
498 3094 657 3157 inferretur
672 3091 844 3176 parentibus
857 3093 913 3155 sub
931 3111 1060 3174 querum

79 3184 258 3264 tutelttjure
267 3185 392 3246 naturali
403 3187 625 3247 constituuntur
635 3181 890 3245 inlentes.VideS.
901 3181 1060 3258 Thomam,

77 3278 113 3350 2,
126 3276 162 3348 2,
178 3291 210 3354 q.
228 3277 277 3346 l0,
292 3279 348 3335 art.
366 3276 414 3349 tu
430 3273 462 3335 S.
479 3272 612 3354 Lignum,
627 3272 679 3334 lib.
694 3275 725 3346 6,
742 3271 782 3332 nl·
797 3273 853 3332 tut
868 3275 898 3332 e‘t
909 3272 979 3330 tot.

122 3364 221 3424 3t5t.
238 3363 375 3424 Diximus
389 3359 577 3441 regulariter,
594 3360 774 3442 quiaplures
787 3365 859 3420 sunt
877 3355 1061 3418 666656661-

75 3449 214 3532 piendi:
236 3467 346 3532 nempe
367 3455 398 3513 l·
413 3449 578 3532 periculum
602 3450 771 3531 proximum
793 3446 919 3522 mortis,
942 3448 1013 3525 quin
1031 3443 1062 3506 in
1171 3495 1174 3500 ,

75 3539 146 3603 1166
174 3555 248 3604 cusu
270 3546 367 3602 cesset
389 3539 557 3622 perieulum
579 3537 800 3612 subversionis,
824 3541 855 3598 et
876 3551 930 3617 per
952 3533 1062 3616 baptis·

74 3645 181 3692 mum
199 3627 373 3709 providetur
389 3627 477 3690 saluti
494 3635 616 3690 aeternae
635 3625 759 3687 intentis
774 3629 919 3686 eternam
941 3621 1064 3685 dumne·

213 3747 243 3794 r.
259 3746 294 3794 rt.
927 3731 965 3792 13
