2534 3996
446 276 532 322 marn
552 261 676 321 natural
984 267 1043 330 373

78 378 131 488 nisi
145 377 296 440 contrariu
308 377 421 458 vigeret
432 377 631 444 consuetudo.
646 379 733 455 (Vide
746 380 855 461 Bouix,
870 382 914 446 De
929 381 1042 467 Capit,

77 486 108 548 p·
118 470 291 618 §giemum
305 563 421 621 constat
433 577 471 622 ex
483 557 794 623 variisteatibusinlra
805 561 980 638 referendis,
992 563 1045 628 ubi

80 647 157 708 uaria
166 645 282 727 objecta
296 665 350 728 pro
365 648 475 728 quibus
489 648 616 726 exigitur
625 666 791 712 consensus
805 649 931 734 Capituli
946 671 1046 717 recen·

79 733 224 796 sebuntur
237 738 343 814 (4398,
359 741 445 812 etc).

119 825 208 886 auat.
223 858 262 870 -
276 825 312 886 ll.
333 826 425 886 Porrd
440 825 470 886 in
485 825 521 888 iis
540 827 659 890 casibus
679 846 734 910 pro
752 828 863 910 quibus
882 829 1046 913 Episcopus

78 920 198 975 tenetur
210 913 370 975 consilium
384 914 509 994 Capituli
525 917 696 996 requirere,
714 935 774 978 non
786 917 853 979 ideo
867 921 952 1000 sequi
968 927 1048 982 tene-

78 1010 138 1065 tur.
168 999 208 1064 lta
233 1004 404 1065 communis
426 1005 583 1074 sententia,
605 1013 634 1066 et
654 1007 765 1086 sapius
786 1006 829 1069 sic
858 1007 1048 1088 respondisse

79 1093 111 1155 S.
121 1092 231 1173 Congr.
242 1093 542 1172 testaturFagnanus.
553 1092 626 1154 Vide
639 1095 743 1164 Bouix,
759 1094 845 1168 iliu,
859 1115 890 1176 p.
902 1099 973 1172 385,
989 1105 1045 1160 etc.

120 1183 183 1242 llec
195 1179 277 1242 dicas
293 1200 301 1240 ε
322 1183 399 1262 Ergo
413 1181 522 1244 iruslrb
536 1183 679 1246 Praelatus
691 1183 884 1264 adstringitur
897 1183 933 1247 ad
949 1187 1048 1248 consi·

79 1269 154 1333 lium
169 1270 293 1352 Capituli
308 1271 544 1352 exquirendum,
557 1272 581 1334 si
592 1273 684 1354 ipsius
694 1274 873 1335 sententiam
886 1276 969 1356 sequi
986 1293 1048 1338 non

81 1370 235 1422 teneatur:
255 1361 383 1422 -Nam
403 1359 440 1422 ad
461 1361 555 1424 multa
576 1361 655 1424 utilis
673 1379 738 1423 esse
758 1369 852 1442 potest
878 1361 1049 1440 huiusmodi

80 1449 259 1512 consultatio
283 1468 291 1511 r
316 1450 360 1511 sic
381 1447 640 1514 enimoccurritur
663 1451 890 1532 praecipitationi
913 1453 1047 1531 Praelati3

81 1541 199 1617 cogitur
220 1539 303 1600 enim
326 1537 389 1619 ipse
403 1539 549 1602 maturius
563 1539 745 1622 procedere,
760 1548 790 1601 et
802 1538 964 1621 aliquando
985 1542 1050 1604 utili

81 1627 289 1706 capitularium
304 1627 429 1690 consilio
449 1627 486 1690 ad
502 1627 677 1692 mutandam
697 1629 848 1712 propriam
872 1631 1050 1692 senteutiam

83 1715 246 1778 inducitur.
264 1716 338 1778 Vide
353 1715 517 1790 beidenst„
534 1717 586 1780 lib.
602 1722 631 1790 3,
649 1720 694 1780 tit.
711 1723 769 1790 tc.
786 1726 819 1779 n⁰
833 1721 863 1780 3.

123 1810 212 1867 autu.
234 1807 263 1866 Si
279 1816 378 1868 autem
392 1807 519 1888 petitum
533 1807 692 1869 consilium
706 1807 778 1868 dare
793 1807 921 1870 noluerit
934 1808 1055 1888 Capitm¹

82 1895 159 1966 lum,
172 1897 269 1956 ualent
283 1904 347 1958 acta
361 1897 378 1956 b
393 1897 516 1957 Praelata
530 1897 595 1957 sine
610 1896 671 1972 illo,
687 1895 778 1958 modb
792 1904 896 1959 contra
910 1896 960 1958 illa
975 1896 1049 1960 nibli

83 1983 259 2048 rationabile
273 1995 451 2066 opponatur.
469 1986 509 2046 lta
523 1985 699 2058 Leurenius,
711 2003 760 2066 ap.
777 1986 812 2046 D.
831 1983 925 2048 Bouiu
940 1985 1050 2066 titud).

125 2078 214 2135 9:3213.
230 2109 270 2120 -
290 2077 337 2135 lli.
363 2074 408 2133 lb
421 2073 601 2155 obligatione
619 2073 796 2136 consulendi
820 2074 989 2155 Capitulum
1003 2083 1054 2138 aut

83 2164 180 2244 ipaus
200 2163 360 2244 aliquando
374 2181 555 2226 consensum
576 2163 748 2236 obtinendi,
768 2165 799 2224 in
814 2162 950 2244 pluribus
964 2164 1052 2228 eximi

84 2262 180 2334 potest
194 2255 237 2332 lip
249 2269 356 2334 scopus
367 2271 419 2335 per
429 2252 677 2314 consuetudinem
689 2252 820 2333 legitime
830 2253 1051 2334 praescriptam:

85 2341 126 2402 ita
140 2344 343 2404 corrrruunitor
355 2341 533 2419 Canonistae,
544 2347 699 2404 etconstat
712 2359 750 2402 ex
763 2359 830 2421 cap.
847 2341 965 2403 Noneat
979 2346 1008 2408 3.
1020 2343 1055 2405 de

85 2430 295 2500 roccamartina,
310 2431 340 2492 in
355 2435 398 2506 6⁰,
409 2429 580 2492 ubidicitur
596 2433 698 2492 :otton
713 2428 853 2512 est(dum
866 2437 967 2491 tarnen
982 2431 1056 2494 alias

86 2541 102 2578 a
127 2521 165 2582 sil
179 2521 349 2602 praescripta
362 2519 525 2595 canonice)
539 2519 724 2581 consuetudo
738 2535 830 2599 quam
845 2518 951 2596 allegat
970 2520 1055 2600 Epis·

84 2633 99 2670 o
127 2625 222 2690 copus
243 2608 452 2690 reprobanda:
470 2609 551 2690 qudd
571 2609 602 2669 in
622 2606 826 2688 inquirendis,
846 2605 1008 2686 puniendis
1028 2615 1057 2669 et

89 2724 96 2760 r
128 2699 313 2778 corrigendis
326 2698 514 2760 subditorum
528 2697 716 2773 excessibus,
731 2693 891 2757 consilium
909 2693 955 2757 sui
970 2694 1056 2777 Capi-

83 2807 96 2858 o
129 2787 181 2850 tuli
196 2789 348 2868 requirere
360 2787 484 2848 minime
497 2792 670 2847 teneatur.»

128 2879 243 2942 Dicitur
252 2879 283 2938 in
291 2876 436 2958 pluribus,
447 2875 517 2956 quia
529 2893 589 2936 non
599 2873 714 2936 ridetur
724 2889 811 2954 posse
820 2871 953 2955 legitime
962 2873 1056 2938 intro·

86 2963 159 3028 duci
186 2965 373 3028 consuetudo
404 2981 561 3046 nunquam
595 2961 771 3026 consulendi
804 2962 988 3045 Capitulum,
1022 2965 1058 3028 eb

87 3053 172 3137 qutu
193 3060 224 3117 s.
249 3055 341 3118 Sedes
364 3073 426 3116 non
449 3054 584 3116 videatur
605 3052 675 3115 huic
697 3052 890 3115 consentire:
912 3053 956 3116 sic
976 3055 1058 3116 enim

90 3141 1059 3226 lunulaevaderentCapilutacumpmctpuumtmemsuumnon

89 3243 332 3314 assequerentur.
347 3234 466 3314 lllouix,
481 3232 521 3294 ib.
534 3279 543 3307 ,
556 3252 586 3315 p.
605 3238 663 3295 uta
677 3239 708 3294 et
720 3233 803 3308 444.)

132 3324 175 3382 Ilo
191 3323 236 3384 tris
249 3321 324 3384 duas
338 3330 497 3404 sequentes
507 3321 625 3403 regulas
637 3320 726 3383 tradit
739 3320 819 3383 idem
835 3321 871 3383 D.
883 3319 989 3398 Bouix,
1004 3321 1059 3401 ita,

116 3419 221 3475 bita

90 3431 111 3498 p
131 3505 296 3564 tibba-lt>
306 3501 335 3564 Si
350 3501 526 3565 universalis
537 3501 688 3564 moraliter
701 3503 806 3564 evadat
818 3503 850 3564 in
861 3499 1062 3564 totallcclcsit

90 3590 280 3655 corisuetudo
299 3609 361 3654 nnn
379 3590 551 3673 requirendi
573 3593 605 3652 in
631 3592 731 3672 aliqua
750 3609 783 3654 re
803 3591 963 3654 consilium
977 3591 1061 3671 Capi-

91 3682 166 3759 tuli,
181 3680 248 3746 hac
265 3679 454 3746 cousuetudo
470 3679 620 3742 obsecrari
632 3683 745 3760 potest,
760 3677 897 3742 etiamab
915 3674 1064 3754 Episcopo
