2522 3996
219 251 258 312 18
439 263 576 310 narcara
596 259 697 306 runos
716 255 798 304 sonas
818 251 966 301 ornamur.

220 368 316 430 Reoue
329 365 378 428 dea
396 367 517 429 sct'ecces
539 365 694 428 ecclesiast.
711 361 781 440 (mai
806 362 895 437 laet,
913 377 945 440 p.
961 357 1048 438 168),
1064 355 1145 439 quod
1162 358 1195 426 in

221 461 257 518 ed
272 475 331 518 non
346 455 480 518 videatur
494 474 559 518 esse
580 449 882 534 comprehendendus
913 446 977 512 dies
1009 445 1121 510 Natalis
1134 447 1196 510 Do·

221 545 306 606 mini.
324 543 404 606 Idem
415 545 550 606 observat
563 543 643 607 Ordo
657 540 821 616 valentin,
841 555 922 600 anno
933 539 1030 614 1866,
1046 555 1077 618 p.
1093 540 1126 598 ⁸1.

262 636 349 695 1376.
374 635 494 705 Quaerit.
520 637 552 695 2⁰
576 635 624 694 An
650 630 683 692 in
716 627 846 710 praelatis
877 625 997 689 casibus
1025 624 1199 708 requiratur

224 719 519 804 licentiaEpiscopi‘l

263 811 353 893 Resp.
370 811 556 890 Regulariter
565 805 730 891 loquendo,
740 805 790 868 die
804 803 1044 868 NatalisDomini
1060 811 1197 887 excepto,

223 898 262 962 ad
284 900 472 962 iterationem
491 901 591 961 missac
613 896 778 980 requiritur
797 894 918 956 licentia
936 895 1095 976 Episcopi;
1125 901 1155 956 et
1174 895 1200 956 si

224 989 316 1050 missa
339 989 370 1050 in
392 988 509 1051 duabus
537 987 670 1051 ecclesiis
691 983 869 1060 celebretur,
892 982 1001 1045 sufficit
1029 983 1111 1046 certe
1133 981 1203 1044 haec

225 1075 354 1140 licentia.
371 1079 500 1150 Quaestio
513 1075 637 1158 quidem
650 1073 724 1137 olim
738 1079 801 1136 erat
820 1078 1011 1135 controversa
1024 1090 1062 1134 an
1077 1072 1202 1134 licentia

225 1167 366 1248 Episcopi
389 1167 556 1230 necessaria
576 1164 672 1241 ioret3
688 1163 741 1226 sed
760 1160 850 1224 hodie
864 1163 1020 1224 sententie
1039 1159 1202 1223 affirmanti

227 1273 291 1316 esse
309 1255 450 1317 standum
470 1263 502 1318 ut
525 1252 746 1325 communiori,
761 1252 850 1312 sentit
870 1250 1050 1313 Benedictus
1064 1251 1141 1324 lllV,
1156 1249 1203 1312 De
1252 1319 1253 1334 .

227 1343 383 1426 Sacrificio
398 1345 511 1418 Misso,
528 1343 579 1406 ubi
594 1344 653 1406 ait:
673 1365 688 1402 o
702 1339 912 1403 Sacerdotibus
927 1358 1005 1421 opus
1018 1357 1084 1401 esse
1098 1345 1132 1400 ut
1144 1338 1204 1400 hac

227 1431 305 1494 ade
332 1451 365 1494 rc
390 1432 560 1513 facultatem
588 1431 625 1493 ob
652 1431 796 1512 Episcopo
822 1435 1057 1510 consequantur,
1086 1417 1205 1490 etiamsi
1252 1429 1253 1466 ³

228 1541 244 1579 a
268 1539 357 1582 causa
372 1522 553 1584 necessitatis
567 1519 751 1583 intercedere
764 1517 911 1596 videatur,
928 1520 1015 1596 cuius
1033 1534 1105 1579 sane
1121 1516 1205 1596 jodi-

229 1631 244 1670 o
269 1610 350 1672 cium
366 1609 402 1672 ad
422 1611 502 1692 ipsos
527 1609 695 1672 sacerdotes
708 1607 905 1688 'nequaquam
921 1607 1059 1688 pertinet.
1077 1607 1206 1668 »Testa-

231 1703 279 1760 tur
306 1700 428 1780 insuper
449 1699 599 1760 Verricclli
627 1699 670 1760 sic
696 1699 713 1758 1
736 1699 825 1758 Sacra
848 1695 1087 1777 congregatione
1110 1695 1206 1756 luisse

230 1787 406 1849 resolutum.
435 1789 520 1850 Certe
548 1788 617 1850 huic
643 1786 799 1849 sententie
830 1785 969 1848 standum
996 1789 1042 1846 est
1075 1784 1107 1845 in
1130 1781 1206 1845 dioe-

231 1876 348 1938 cesibus
374 1875 426 1938 ubi
453 1876 626 1957 prohibetur
640 1875 789 1936 celebrere
811 1873 858 1936 his
882 1874 913 1935 in
939 1871 1046 1936 eodem
1069 1871 1119 1934 die
1138 1872 1206 1934 sine

231 1963 351 2026 licentia
378 1965 534 2064 Episcopi,
560 1971 649 2044 prout
674 1963 706 2024 in
728 1961 849 2026 dioecesi
878 1966 980 2026 nostre
998 1961 1205 2024 valentinensi

232 2053 441 2133 (Ordoaaooces
451 2101 458 2129 ‚
470 2073 499 2134 p.
517 2055 602 2128 253t3
614 2052 675 2114 imd
689 2054 721 2113 in
734 2054 795 2114 told
809 2051 975 2134 provincia,
991 2057 1025 2114 ut
1036 2056 1153 2114 constat
1168 2070 1204 2112 ex

234 2143 366 2205 Concilio
383 2143 581 2204 avenionensi
598 2145 675 2204 1819
685 2144 725 2223 (p.
744 2143 805 2221 66).
910 2133 911 2138 ’

277 2253 292 2289 a
313 2231 432 2293 Dictum
447 2229 502 2292 luit
516 2229 695 2312 reqcloriter
708 2228 855 2310 loquendo,
871 2228 969 2310 lnquit
981 2231 1018 2290 D.
1030 2227 1126 2290 Boulx
1135 2228 1205 2308 (to,

233 2341 249 2381 r
273 2339 303 2402 p.
320 2323 407 2398 tor),
423 2320 494 2400 quia
512 2319 543 2379 in
560 2336 623 2380 uno
636 2324 688 2379 aut
705 2317 798 2380 altero
811 2335 899 2392 casu,
914 2319 1080 2392 praesertim
1095 2335 1206 2399 repen·

233 2431 249 2468 a
272 2409 351 2480 tino,
368 2414 399 2470 et
412 2407 443 2468 in
458 2425 518 2486 quo
533 2425 594 2468 non
614 2405 709 2468 lacilis
722 2412 822 2488 pateat
843 2405 881 2468 ad
899 2407 1082 2488 Episcopum
1104 2425 1207 2469 recur-
1251 2433 1252 2484 3

234 2519 250 2558 o
275 2515 345 2571 sus,
361 2497 385 2558 si
400 2495 520 2558 aliunde
533 2494 869 2558 certdadesscrideatur
881 2493 1033 2556 sufficiens
1043 2495 1207 2558 necessitas
1251 2495 1252 2528 l

235 2609 250 2644 o
274 2587 370 2664 ajuro
385 2587 545 2666 requisita,
561 2603 622 2646 non
647 2591 720 2666 puto
738 2584 857 2645 crimini
876 2583 1054 2646 vertendum
1072 2583 1206 2666 parocho

234 2695 249 2736 ι
275 2675 355 2756 quod
369 2675 480 2736 dictam
495 2675 644 2736 licentiam
662 2693 721 2734 nnn
736 2675 883 2753 exquirat.
899 2695 914 2732 o

276 2767 363 2826 l3tl.
387 2764 417 2825 Si
442 2766 512 2826 vero
534 2763 602 2825 duae
626 2762 754 2844 praelatae
776 2761 876 2824 nrissae
898 2763 930 2823 in
954 2759 1060 2824 eadem
1078 2761 1205 2825 ecclesii

236 2855 407 2926 recitentur,
421 2851 560 2914 Analecta
567 2851 652 2934 juris
661 2850 812 2932 pontificii
826 2850 938 2932 (octob.
956 2853 1045 2928 1853,
1061 2851 1119 2914 col.
1133 2855 1205 2928 515,

236 2941 310 3020 etc.)
329 2940 434 3004 dicunt
455 2949 528 3004 tunc
549 2941 588 3002 ed
610 2942 642 3003 S.
665 2939 774 3002 Sedem
792 2957 856 3003 esse
878 2938 1115 3017 recurrendum,
1130 2940 1206 3003 etin

237 3032 362 3114 gratiam
389 3031 468 3092 illius
494 3029 650 3092 sententiae
674 3029 835 3092 nonnullas
858 3027 987 3092 afferunt
1005 3031 1036 3092 S.
1053 3029 1203 3110 congreg.

236 3119 360 3182 Concilii
384 3117 624 3195 declarationes,
655 3136 724 3199 quac
746 3123 848 3180 tomen
867 3117 946 3180 hanc
972 3117 1205 3180 reservationem

237 3210 307 3270 sotis
321 3207 446 3289 probare
461 3227 522 3270 non
536 3206 684 3268 videntur.
701 3205 787 3270 Unde
802 3207 855 3270 iste
870 3225 956 3270 casus
975 3207 1068 3270 codem
1076 3207 1151 3288 jure
1164 3213 1206 3268 est

237 3295 605 3378 censeodosocproecedcas,
622 3295 777 3376 utaitipse
787 3295 967 3358 Benedictus
976 3297 1058 3365 XlV,
1076 3295 1107 3356 in
1119 3294 1204 3356 Brevi

238 3385 403 3448 declarasti
416 3387 488 3446 anni
509 3388 596 3446 trae.
614 3384 757 3460 Proinde,
773 3386 862 3446 etiam
877 3385 908 3446 in
927 3384 984 3448 lroc
997 3401 1081 3460 casu,
1096 3383 1204 3446 suflicit

26 3489 45 3560 ³543
76 3531 78 3534 .
237 3472 356 3537 licentia
370 3473 517 3553 Episcopi.
534 3472 607 3534 Vide
624 3474 715 3535 Bouix
738 3473 793 3550 (tte
807 3471 952 3548 Porotta,
967 3491 999 3556 p.
1015 3475 1095 3550 168).

279 3567 365 3624 1372.
387 3563 507 3632 Quaerit.
516 3563 549 3623 3υ
562 3565 686 3624 Ancasu
696 3561 878 3625 binaemissae
887 3579 1008 3624 necesse
1017 3559 1202 3624 siteumdem

239 3649 1202 3727 mircenrsdhiberetutquanamcautionessinttuncadhioendaet
