2522 3992
191 177 248 239 lul
414 193 554 241 tinnulus
574 193 675 240 renus
694 193 775 238 sunrs
796 188 944 238 cruenter.

228 293 395 354 mee-3⁰
408 291 642 354 Controvertilur
655 307 694 352 an
708 287 735 351 ei
746 288 798 370 qui
813 287 953 351 conscius
966 285 1180 352 eslnullilstis

189 397 252 443 suae
267 380 476 456 Prolessionis‚
492 377 545 442 sed
560 379 665 462 nequit
678 378 805 461 probare
818 377 900 439 illum
909 377 1179 456 esse‘invatidsrm

190 469 276 531 liceat
290 467 326 530 ad
338 469 482 532 saeculum
497 468 595 531 redire
604 477 634 530 et
644 467 872 530 matrimonium
885 465 1081 530 contrahere:
1100 485 1180 530 sen·

190 558 281 620 tentia
295 559 467 621 communis
481 557 626 634 affirmat,
642 555 809 620 dummodo
824 555 890 618 sind
908 555 989 637 grad
1004 555 1176 636 scandalo,

190 655 241 709 sut
263 646 322 710 alio
343 648 457 726 majore
480 645 675 710 incommodo
696 645 790 727 possit
807 647 825 707 e
845 651 996 707 conventu
1009 643 1106 708 abire.
1128 648 1177 709 ltu

190 735 334 810 Snnchez‚
350 737 503 816 Layman,
519 737 679 812 Navarrus,
695 735 846 815 Pirrhing‚
862 732 1070 812 Reiffenstuel,
1085 741 1173 799 etc:

190 825 352 906 Fagnenus
365 826 436 887 verd
454 824 586 887 ndhseret
605 825 762 886 sementim
777 823 897 904 neganti
909 870 918 901 ‚
932 829 964 886 et
977 823 1007 884 in
1025 824 1176 886 eamdem

191 914 275 976 valde
297 914 457 976 inclinatur
476 917 512 975 D.
538 914 643 976 Bouix.
665 913 736 975 Vide
754 913 952 994 questionem
973 911 1054 996 opud
1073 913 1175 977 istum

192 1003 256 1064 lust
270 1003 448 1080 discussam,
460 1003 504 1065 De
517 1003 673 1084 Regulam,
684 1009 758 1063 tom.
773 1006 801 1078 l,
818 1021 848 1082 p.
859 1005 1042 1064 emole.-
1053 1004 1176 1066 Auctor

191 1092 261 1152 vero
277 1090 411 1154 Praeteri.
428 1090 464 1154 S.
480 1090 613 1174 Sulpitii
622 1091 781 1174 propendit
796 1091 827 1152 in
841 1091 971 1172 primam
985 1093 1175 1156 sententiam

192 1179 402 1242 ntlirmsntem.

575 1280 730 1340 PUNCTUll
748 1280 790 1339 ll.

193 1419 234 1466 All
263 1417 414 1465 ruoresslo
446 1417 590 1464 multtum
618 1415 722 1462 ltlltssA
751 1415 886 1468 Otiosum
912 1417 1016 1464 rents
1046 1417 1179 1466 ulum

271 1507 418 1554 uumerus
438 1507 476 1554 ET
497 1507 613 1554 veum
633 1506 747 1552 sturmi
769 1505 807 1551 UT
827 1506 925 1554 VOTUH
947 1507 1080 1553 smum.

234 1623 322 1683 2723.
353 1617 530 1682 Dillicultste
552 1637 613 1681 non
638 1625 719 1680 esset
748 1619 856 1682 solutio
879 1620 969 1701 hujus
993 1621 1077 1684 dubii
1102 1641 1111 1684 :
1138 1643 1179 1688 ex

194 1713 255 1772 und
287 1717 390 1792 parte,
420 1706 559 1789 Synodus
589 1706 763 1770 Tridentino
800 1708 839 1770 ila
877 1709 1012 1772 annullet
1046 1711 1179 1775 Proles-

195 1800 330 1875 sionem,
354 1806 423 1860 ante
446 1797 579 1879 expletis
601 1799 639 1858 16
657 1815 753 1860 onnos
773 1803 825 1858 eut
844 1799 980 1862 nondum
998 1795 1084 1863 linito
1108 1804 1177 1864 No-

194 1888 312 1949 uitiatus
325 1886 472 1968 tyrocinio
487 1888 643 1960 emissam,
659 1895 692 1948 ut
705 1885 816 1947 nullom
831 1887 949 1948 inducat
962 1887 1177 1971 odlipntionem

195 1976 234 2037 od
245 1997 433 2058 petuscumqne
453 1976 567 2056 effectus
588 1979 678 2055 (sess.
702 1979 758 2048 25,
778 1994 805 2039 c.
828 1981 877 2053 ld,
897 1976 943 2039 De
956 1979 1124 2060 llepnlnr.);
1146 1991 1178 2044 el

196 2065 335 2128 Clemens
356 2067 420 2126 Vlll
443 2063 643 2146 professiones
665 2065 790 2127 emissas
803 2071 886 2128 estre
905 2073 1071 2130 conventus
1087 2067 1179 2132 desi-

197 2161 323 2234 gnem,
343 2153 439 2215 nullas
457 2163 486 2215 ct
504 2153 610 2215 irritos
624 2174 681 2216 esse
694 2153 735 2215 ad
751 2174 956 2236 quemcumque
969 2155 1101 2237 saionem
1116 2158 1177 2222 de-

196 2243 288 2304 clarat
315 2243 346 2303 in
371 2245 497 2309 Decreto
517 2242 727 2304 Sanmissimns
747 2247 797 2321 (20
816 2243 883 2324 jun.
902 2245 989 2325 roes)
1008 2263 1016 2305 ε
1035 2253 1176 2310 ettamen

197 2350 231 2396 ex
248 2332 304 2394 elin
318 2337 412 2413 parte,
429 2333 639 2413 Secrassongr.
651 2331 764 2394 Concil.
778 2333 863 2411 juxte
876 2334 1054 2414 regnorum
1068 2333 1176 2400 declu-

197 2421 269 2484 ravit
289 2420 371 2503 qudd
389 2443 404 2479 «
422 2421 576 2484 Decretum
595 2421 756 2484 Clementis
777 2423 857 2497 Vlll‚
873 2423 1010 2504 quumvis
1028 2422 1177 2489 decernat

196 2533 211 2571 n
237 2511 335 2574 nullas
357 2529 423 2574 esse
450 2511 486 2573 sd
506 2529 730 2592 quemcumque
752 2509 891 2574 effectum
919 2511 1105 2593 receptiones
1135 2515 1175 2576 sd

196 2623 212 2660 u
236 2599 373 2662 habitum
406 2607 436 2662 ct
459 2599 663 2662 Prolessiones
690 2599 814 2664 emissos
837 2599 868 2661 in
891 2601 1080 2664 monasteriis
1107 2622 1175 2666 non

197 2713 212 2750 n
237 2689 451 2771 designatis...,
470 2695 572 2751 tauron
593 2707 646 2770 per
666 2708 703 2751 ea
721 2689 812 2752 verba
831 2707 891 2752 non
915 2691 1035 2753 sustulit
1054 2691 1174 2773 obliga-

196 2803 211 2839 ι)
235 2779 349 2842 tionem
363 2796 432 2860 quae
449 2797 487 2841 ex
500 2785 569 2841 voto
587 2777 822 2860 proficiscitur...
839 2779 1097 2861 quemadmodum
1111 2781 1175 2848 Dee

196 2891 211 2928 n
236 2875 353 2930 cretum
376 2867 553 2943 Concilii...‚
569 2867 705 2948 quamvls
725 2874 824 2930 utetur
843 2867 939 2930 verbis
957 2868 1054 2932 multd
1074 2873 1173 2952 magis

197 2980 212 3016 n
237 2955 429 3037 urgentibus,
444 2956 634 3019 decernendo
648 2955 745 3019 irritas
758 2955 961 3020 professiones
975 2963 1045 3020 unte
1054 2975 1177 3025 annum

197 3068 212 3104 i
238 3049 326 3122 idm,
342 3041 497 3121 addendo,
514 3051 547 3106 ut
568 3043 681 3106 nullam
696 3043 818 3106 inducat
835 3043 1048 3126 obligationem
1062 3045 1100 3108 ed
1113 3047 1177 3114 uli-

198 3157 211 3194 υ
236 3131 317 3214 cnjus
337 3131 447 3214 repulse
468 3132 513 3194 vel
536 3133 699 3214 Relipionis
720 3133 764 3195 vel
785 3131 906 3196 Ordinis
921 3133 1166 3216 observatiorem,

198 3246 212 3282 t
237 3231 288 3285 aut
302 3222 339 3284 sd
349 3221 423 3284 alios
436 3239 645 3304 quoscumque
659 3221 793 3300 effectus,
804 3221 1000 3287 nihilominus
1009 3225 1041 3286 S.
1058 3225 1159 3308 congr·

199 3335 213 3372 n
239 3310 389 3374 iCardin.
421 3309 601 3372 Bellnrmino
627 3313 785 3391 consults,
816 3311 976 3374 declaravit
1003 3313 1171 3382 Concilium

199 3425 213 3460 n
240 3399 312 3462 nihil
335 3399 516 3482 disposuisse
534 3399 572 3461 de
588 3406 694 3462 volo.»
712 3403 785 3463 ltsm
800 3419 836 3463 ex
850 3419 918 3482 usp.
934 3401 1059 3478 Quidum
1073 3407 1116 3478 3,
1137 3413 1170 3468 us

199 3507 323 3550 conium.
340 3489 502 3570 contoque,
517 3487 572 3550 etsi
593 3489 745 3570 conjugati
760 3488 909 3554 Proiessio
927 3489 1004 3555 luctu
1017 3493 1084 3554 sine
1097 3511 1171 3556 oon·

201 3595 290 3638 censu
306 3578 466 3659 compertis
485 3578 521 3638 sit
536 3575 637 3656 nullo,
651 3577 713 3640 vim
736 3583 838 3642 lemen
860 3579 951 3642 hebet
962 3579 1021 3644 voli
1034 3583 1172 3666 perpetui
