2486 3984
424 309 509 356 araca
530 310 646 356 narnus.
975 297 1013 358 tlt

82 417 170 475 1518.
196 412 299 496 Noto.-
316 409 460 473 Salutaria
474 410 587 472 Concil.
608 409 832 472 Suessionensis
846 411 916 474 anni
939 416 1016 476 1819

45 501 156 564 monita
170 501 210 562 ob
224 499 330 562 oculos
349 517 468 579 semper
482 497 591 560 habere
605 497 751 560 deberent
763 498 883 560 vicarii:
899 502 1017 562 «vica-

42 615 56 648 »
81 589 137 662 rii,
154 589 253 669 inquit
265 586 379 650 Concil.
390 587 444 662 (tit.
464 589 512 662 15,
529 605 595 667 cap.
607 591 637 661 2,
648 606 679 669 p.
698 587 783 666 118),
797 586 1018 666 inadjmorium

42 703 56 735 ι)
82 677 242 739 ministerii
273 674 451 758 paroehialis
482 675 608 736 instituti
632 682 739 737 sunt...
764 693 772 737 :
795 677 1016 758 quamobrem,

41 790 57 826 )
83 783 146 828 non
160 763 284 847 proprio
299 763 422 825 nomine
436 779 539 824 euram
554 762 665 825 habent
678 763 867 840 animarum,
886 765 939 826 sed
953 773 1018 828 tan·

43 879 58 913 e
82 871 177 934 quam
194 852 360 934 parochum
375 858 633 934 repraesentantes.
650 852 768 914 Debent
782 852 872 933 igitur
885 871 956 916 oum
971 873 1017 918 re-

45 965 60 1000 n
84 942 219 1004 verentia
232 947 262 1003 et
280 939 465 1020 subjectione
479 959 548 1021 erga
563 957 635 1001 eum
654 957 685 1002 se
699 939 828 1017 habere3
844 941 937 1016 nihil,
953 943 1019 1024 ipso

46 1053 61 1090 r
85 1029 197 1106 invito,
221 1029 355 1092 muneris
374 1028 458 1090 obire
481 1027 537 1089 nisi
559 1028 599 1090 ob
617 1047 721 1109 graves
741 1047 846 1092 causas
867 1031 953 1092 aliter
979 1031 1018 1094 ab

46 1141 61 1178 n
85 1119 236 1200 Episcopo
249 1123 393 1180 statutum
408 1115 506 1180 luerit.
521 1119 649 1192 Carent,
665 1120 813 1198 quantiam
825 1117 888 1180 lieri
905 1126 1016 1201 potest,

46 1233 60 1266 ι)
83 1216 118 1270 ut
138 1206 322 1269 uniformem
342 1224 414 1269 oum
436 1203 571 1268 Paracho
591 1206 699 1287 agendi
719 1207 865 1268 rationem
879 1213 1016 1284 teneant3

46 1321 61 1354 r
86 1295 183 1357 niuria
203 1295 286 1358 enim
315 1295 393 1356 inter
414 1302 605 1374 utrumque,
634 1295 732 1375 quoad
764 1295 841 1358 sacri
864 1295 1018 1358 ministerii

48 1409 61 1444 n
86 1384 226 1468 praxim,
241 1383 458 1465 discrepantia,
474 1383 506 1444 iu
520 1381 754 1446 destructionem
769 1384 868 1465 potius
885 1393 1019 1466 vergeret
1054 1417 1056 1421 ·

47 1498 62 1534 a
86 1476 182 1555 quam
204 1471 236 1533 in
256 1472 497 1534 aedificationem.
514 1473 714 1554 Summopere
732 1473 823 1534 etiam
843 1481 965 1536 caveant
982 1492 1020 1536 ne

46 1586 62 1621 a
86 1561 186 1624 uerbis
195 1567 246 1624 aut
255 1559 511 1641 faetisparochum
519 1559 550 1621 ln
561 1567 661 1622 mente
676 1560 810 1623 fidelium
821 1561 1018 1636 imminuant;

45 1675 61 1710 ι
86 1650 142 1713 sed
164 1652 197 1712 in
217 1649 360 1712 omnibus
382 1649 531 1725 modeste,
554 1649 632 1710 siout
650 1647 757 1725 decet,
779 1667 844 1710 sese
865 1658 1018 1730 gerentes,

46 1763 63 1799 a
87 1757 160 1802 cum
178 1738 315 1820 diligenti
337 1741 409 1800 card
422 1736 502 1799 fideli
516 1737 629 1820 populo
642 1737 745 1800 salutis
758 1735 929 1818 adjumenta
943 1755 1019 1819 prte-

48 1853 64 1888 ι)
88 1827 224 1892 beant.»

497 1970 517 2052 ᾖ
535 1973 573 2034 11.

47 2107 96 2170 ue
112 2104 184 2169 aliis
203 2107 399 2171 mcerdotibue
415 2108 468 2192 qui
489 2109 522 2171 in
541 2109 682 2192 paracliti
693 2127 808 2172 sumam
821 2107 1018 2172 ministerium

466 2207 610 2262 exercent.

91 2354 179 2414 1529.
192 2349 360 2412 Dicendum
373 2349 411 2413 de
420 2352 584 2433 Capellanis
598 2371 651 2416 seu
664 2353 925 2437 Eleemosynariis‚
940 2353 969 2416 et
982 2353 1020 2416 do

49 2438 256 2502 sacerdotibus
268 2438 308 2501 ad
320 2439 539 2503 contessionem
549 2441 729 2523 approbatis.

444 2617 598 2677 euuauuu
613 2619 635 2678 l.

245 2751 283 2796 mr
303 2747 481 2796 caramerus
501 2751 555 2797 suu
574 2747 836 2797 amarosrumns.

92 2893 181 2957 1530.
207 2891 264 2951 Per
278 2887 453 2969 capellanos
462 2886 668 2968 intelliguntur
681 2885 730 2949 hlo
741 2883 909 2950 sacerdotes
923 2885 974 2969 qui
984 2887 1021 2952 ad

52 2993 173 3042 sacrum
187 2975 388 3039 ministerium
406 2975 608 3038 exercendum
627 2975 708 3056 apud
728 2981 824 3040 cemus
838 2982 868 3037 et
885 2975 1022 3039 determi-

52 3075 138 3130 natas
152 3083 296 3148 personas
308 3063 500 3146 deputantur,
514 3069 605 3146 prout
618 3062 675 3127 illae
687 3083 763 3148 opus
777 3063 897 3126 habent.

90 3155 147 3217 Ius
160 3152 266 3215 debent
278 3151 419 3235 quoddam
431 3151 599 3234 parochiale
609 3153 803 3237 improprium
816 3171 880 3215 rum
895 3152 1020 3234 quddam

50 3241 308 3328 jurisdictionem
326 3260 462 3323 personas
479 3241 583 3323 adaque
605 3243 776 3320 territorio,
792 3243 833 3305 ait
854 3241 1019 3304 Cardinalis

52 3333 95 3394 ue
110 3333 193 3394 Luca
206 3331 334 3412 loquens
350 3330 389 3392 de
403 3330 569 3414 Capellenis
582 3330 790 3415 hospitalium,
806 3329 887 3413 apud
901 3329 1017 3408 Bouix,

56 3419 97 3482 De
117 3419 270 3496 Pareae,
285 3437 316 3500 p.
332 3421 401 3481 669.

92 3507 339 3572 iurisdictionem
361 3505 543 3569 ordinariam
563 3507 667 3570 saltem
689 3507 810 3590 proprie
829 3506 939 3568 dictam
959 3525 1020 3568 non

59 3595 165 3660 habent
177 3593 350 3676 Capeliani,
365 3593 417 3658 sed
431 3593 585 3659 facultates
597 3613 703 3661 corum
715 3594 866 3658 ordinarie
883 3593 921 3654 ab
933 3593 1020 3670 Epis·

76 3685 138 3762 opis
159 3683 400 3748 determinantur
422 3683 590 3748 secuudum
616 3682 811 3765 indigentiam
835 3693 952 3800 effingi.
967 3691 1021 3750 pro
