2534 3996
445 215 530 262 arsen
551 217 669 262 narnus.
993 211 1048 268 titt

77 309 152 393 quid
165 309 303 373 statuerit
314 310 394 374 circa
407 311 620 376 srtotasterias
633 314 724 375 Conc.
740 312 889 393 trident,
907 339 981 384 sess.
999 327 1051 402 23,

76 402 255 462 c.18.b'on
274 400 405 464 existunt
424 399 512 464 hodie
531 401 563 464 in
584 401 693 480 ualtia,
708 409 761 465 ant
779 402 886 478 saltem
909 410 1052 473 rarissimi

76 496 148 553 sunt
160 487 333 554 scholastri.

408 645 446 690 D}
466 645 715 697 annuutiamus.

117 763 206 825 2229.
230 760 306 835 Ouid
322 761 395 824 olim
409 760 520 825 fuerint
539 762 772 827 Hebdomadarii
785 767 853 829 vida
866 767 1049 848 explicatum

77 850 221 928 dNardi‚
237 850 317 934 apud
330 853 367 913 D.
383 850 489 923 Bouin,
506 851 593 928 ibid,
609 870 640 934 p.
656 856 725 916 tua.

117 939 214 1003 Hodie
235 938 494 1002 Hebdomadarius
515 939 624 1004 dicitur
647 941 696 1002 itte
716 943 889 1007 canonicus
908 942 975 1020 cui,
996 957 1051 1023 por

76 1027 317 1106 hebdomadam,
336 1028 507 1091 celebrandi
530 1029 622 1092 divini
640 1026 731 1093 officii
750 1049 863 1096 munus
885 1030 1047 1096 incumbit.

79 1117 181 1200 (lbid.)

118 1210 208 1272 2230.
224 1206 483 1272 Hebdomadarius
501 1207 633 1273 officium
652 1207 764 1272 iaciens
776 1255 785 1288 ‚
799 1209 890 1272 etiarn
911 1227 973 1272 nou
995 1228 1049 1291 pa·

78 1305 175 1374 ratus,
192 1297 324 1380 primum
338 1297 440 1360 locum
458 1297 569 1361 babere
589 1295 676 1361 debet
695 1315 786 1378 super
799 1316 907 1360 omnes
920 1298 1049 1361 Canoni-

77 1405 131 1449 cos
149 1394 180 1448 et
199 1387 381 1468 Dignitates‚
401 1386 425 1449 si
447 1387 511 1468 ipse
532 1393 578 1449 est
596 1385 765 1449 Canonicus
786 1387 832 1449 vet
847 1387 993 1470 Dignitas.
1016 1389 1049 1450 tn

76 1476 169 1538 missu
189 1475 311 1557 quidem
330 1474 434 1538 sedere
454 1474 544 1538 debet
563 1475 594 1537 in
614 1493 739 1538 scamno
756 1483 898 1557 cooperto
919 1477 937 1538 ”a
955 1493 1050 1538 cornu

75 1564 219 1647 Epistulae
237 1572 417 1646 praeparato;
433 1565 465 1626 in
482 1565 622 1646 Vesperis
641 1563 729 1640 verb,
745 1563 771 1626 si
785 1563 895 1626 chorus
914 1565 952 1625 sit
970 1565 1050 1626 retrb

77 1655 190 1730 altare,
205 1652 309 1716 sedere
328 1652 415 1716 debet
436 1654 467 1716 in
488 1654 586 1735 primo
604 1652 700 1730 stallo,
716 1651 754 1714 ab
769 1655 805 1714 et
817 1659 901 1732 parte
921 1651 1050 1714 chariin

75 1747 138 1824 qua
151 1741 488 1805 bebdomadaoccurrit.
498 1742 687 1804 Contrarium
697 1743 800 1804 raineri
810 1740 882 1802 dixit
894 1742 924 1802 S.
938 1741 1047 1821 Congr.

77 1833 136 1893 nit.
153 1832 183 1893 in
200 1831 435 1913 Balnenepieasi
449 1835 544 1908 t7583
561 1829 614 1892 sed
628 1830 686 1893 boc
699 1828 808 1892 accidit
825 1829 865 1890 ob
884 1829 1050 1912 peculiares

77 1921 144 1983 iacti
174 1921 440 1984 circumstantias:
469 1921 535 1984 ride
556 1921 710 1998 Ferraria,
731 1935 762 1982 v⁰
783 1917 1047 1982 Hebdomada-tas.

76 2011 109 2073 Si
129 2017 231 2073 autem
250 2009 509 2073 Hebdomadarius
537 2028 598 2072 non
628 2009 667 2071 sit
689 2009 883 2081 canonicus,
942 2006 1050 2070 sedere

75 2100 166 2162 debet
180 2102 210 2161 in
224 2099 324 2162 medio
337 2099 430 2162 chori.
447 2101 478 2162 S.
494 2100 603 2180 Gongr.
619 2097 698 2175 nit,
715 2100 751 2159 n
764 2097 831 2176 jun.
844 2099 933 2173 tutu
951 2095 1048 2160 eore-

75 2190 204 2252 moniute
217 2188 371 2272 Episcop,
387 2186 439 2249 lib.
455 2193 486 2265 2,
502 2207 530 2250 c.
546 2191 575 2250 6.

117 2277 376 2340 Hebdornadarius
389 2278 421 2338 in
439 2274 634 2339 decantandis
646 2275 735 2336 Horis
747 2273 901 2338 canonicis
917 2274 991 2336 stold
1006 2284 1047 2336 utr

76 2387 140 2431 non
154 2367 253 2430 debet.
270 2369 301 2430 S.
313 2369 422 2448 congr.
435 2367 516 2444 n.,a
530 2384 600 2447 aug.
618 2362 914 2440 dudd-Ferraria,
928 2373 959 2426 νο
972 2362 1049 2426 Heu

75 2456 273 2520 dornadam'ns.

368 2599 405 2646 DE
426 2597 579 2646 canonicis
598 2595 757 2642 mutuans.

115 2717 205 2778 aaut.
218 2711 360 2775 Canonici
372 2710 488 2791 jubitati
504 2708 545 2770 itti
560 2712 633 2770 sunt
645 2706 708 2788 qui,
721 2708 790 2786 post
802 2701 968 2785 praestitum
983 2701 1048 2765 tau-

76 2804 215 2866 dabititer
231 2809 263 2864 et
275 2801 417 2864 continue
437 2797 590 2861 servitium
605 2795 688 2858 chori
705 2811 761 2876 per
777 2797 817 2854 40
830 2805 944 2863 annos,
959 2791 1049 2873 privi-

77 2893 189 2974 legium
205 2890 357 2954 consecuti
371 2894 442 2952 sunt
454 2895 488 2950 ut
500 2885 539 2949 ab
551 2883 731 2966 obligatione
745 2881 839 2943 ‹rhoro
853 2879 1047 2943 interessendi

76 2983 248 3046 eximantur
269 2980 383 3062 absque
404 2975 567 3061 privatione
590 2972 742 3035 fructuum
764 2967 998 3033 Praebcndarum
1019 2975 1049 3033 et

76 3067 320 3156 quotidianarum
333 3065 589 3130 distributionum.

116 3158 295 3239 Huiusmodi
311 3155 498 3240 privilegium
515 3155 582 3232 jura
604 3150 759 3214 communi
775 3167 836 3212 non
855 3147 1046 3224 decernitur;

74 3249 129 3314 sed
144 3249 242 3312 valent
258 3251 372 3310 statuta
386 3243 564 3326 capitularia
585 3240 656 3304 ittud
677 3237 887 3313 concedenda,
907 3235 931 3298 si
950 3244 1050 3298 aucto·

75 3338 162 3402 ritate
176 3337 314 3420 Episcopi
328 3334 407 3396 edita
422 3333 520 3409 suere,
535 3337 586 3394 aut
604 3330 629 3394 si
646 3328 863 3393 consuetudine
877 3325 1049 3389 centenaria

75 3437 106 3492 et
123 3424 353 3490 immemorabili
379 3425 462 3486 tuere
481 3420 650 3496 observata,
664 3418 710 3481 vet
731 3416 854 3480 tandem
871 3413 897 3476 si
910 3413 1049 3498 specifica

75 3521 93 3582 d
108 3515 140 3581 S.
157 3514 234 3580 arde
247 3513 425 3577 confirmata
439 3509 561 3572 tuerint.

117 3609 209 3676 2232.
225 3607 315 3667 Juxta
330 3599 444 3671 Baued.
458 3599 524 3661 xtv
540 3596 657 3680 (leniit.
673 3599 742 3674 tor,
757 3594 819 3684 §tt
834 3593 870 3653 n·
882 3593 944 3674 st),
960 3591 1051 3656 Sacra
