2534 3996
487 241 572 288 nmen
592 243 710 291 ramus
730 242 743 251 “
845 267 847 274 v
1028 231 1083 294 331

115 344 215 402 tumen
232 339 370 421 Episcopi
380 345 507 421 possunt
525 359 663 420 separare
676 341 794 404 tertiam
809 349 924 423 partem
938 346 1086 428 supradic-

114 433 215 491 torum
226 437 424 510 proventuum
437 447 445 503 ;
459 428 509 490 sed
521 429 550 489 in
561 428 617 492 troc
632 448 702 492 casu
719 439 815 511 partes
830 433 946 496 antisse
958 437 976 495 a
990 436 1085 516 bigni·

112 518 240 590 tatibus,
257 517 467 579 personatibus
481 525 511 578 ct
524 519 651 592 Officiis,
668 537 729 581 non
745 528 815 582 sunt
830 521 996 586 dividendae
1011 526 1087 588 inter

112 613 293 688 presentes,
305 606 357 668 sed
371 606 409 667 ab
423 607 768 687 EpiscopoFabricaevel
783 610 841 671 atio
851 612 901 691 pic
916 611 980 674 loco
996 613 1088 695 appli-

114 695 229 758 csndae.
245 699 279 756 ln
290 713 357 775 cap.
371 695 442 756 verb
454 698 490 767 3,
506 713 579 758 sess.
595 700 630 758 st
645 697 760 778 ,agitur
770 697 808 760 de
821 699 964 781 Capitulis
974 701 1005 762 in
1019 702 1087 782 qui·

116 783 170 846 bus
192 783 232 846 ita
253 789 360 846 tenues
378 788 450 846 sunt
468 782 695 847 distributiones
714 793 748 848 ut
769 785 807 848 de
830 785 868 848 iis
881 805 943 850 non
957 789 1086 852 rnuitirrn

114 879 250 948 curetum
266 879 295 934 et
312 870 369 933 boc
386 889 473 948 casu,
489 879 589 952 partes
602 873 719 936 amissa
734 875 822 936 anon
838 875 1085 954 inservientibus,

116 959 313 1022 servientibus
331 965 523 1039 noctescunt,
544 978 607 1022 non
630 960 767 1026 obstante
790 965 940 1028 contrarii
958 983 1085 1028 consue-

114 1048 231 1112 tudine.
1089 1071 1091 1074 ·

155 1137 298 1200 Analecta
317 1139 388 1200 verb
409 1141 470 1216 (49θ
484 1137 565 1210 lius..
582 1139 639 1202 coi.
656 1143 731 1217 ost,
746 1141 787 1222 X)
805 1140 910 1205 dicunt
927 1144 945 1205 b
964 1143 995 1205 S.
1012 1144 1086 1205 Con·

115 1245 198 1308 greg.
216 1228 329 1290 Goucil.
342 1231 381 1290 28
392 1235 466 1310 sept.
485 1232 561 1291 {858
575 1229 709 1290 decisum
722 1229 812 1292 fuisse
826 1231 950 1310 quidem
963 1231 1086 1294 amissas

114 1314 339 1380 distributiones
361 1335 531 1378 accrescere
550 1318 762 1398 praesentibus,
781 1318 834 1380 sed
852 1337 938 1382 secus
960 1338 1085 1396 respon·

114 1403 193 1467 disse
210 1405 346 1466 eamdem
361 1406 392 1466 S.
410 1406 443 1466 G.
466 1405 588 1468 Concitii
608 1406 639 1467 in
653 1406 709 1468 alia
725 1411 815 1469 cause
828 1406 866 1468 ab
884 1407 989 1470 iisdem
1004 1411 1085 1471 Anc-
1145 1453 1149 1464 .

115 1493 199 1554 lectis
214 1493 304 1554 relata
318 1493 415 1571 (itta,
436 1493 494 1556 col.
517 1499 587 1571 475)
602 1541 610 1564 ‚
628 1493 679 1556 ubi
703 1494 790 1556 datur
808 1495 883 1556 ratio
905 1494 989 1558 haec:
1008 1519 1023 1554 n
1046 1499 1086 1559 Le

114 1603 129 1641 r
155 1579 277 1646 Concile
291 1582 328 1645 dc
346 1586 473 1660 Trente,
490 1583 651 1664 prdvoyant
674 1583 701 1645 ie
728 1601 779 1645 cas
799 1585 839 1645 air
863 1583 906 1645 les
925 1584 1086 1648 chanoiues

114 1690 131 1730 n
156 1671 316 1750 possident
329 1671 383 1732 des
396 1689 523 1733 revenus
537 1670 672 1733 distincts
685 1672 723 1734 de
738 1671 765 1733 la
780 1689 876 1734 masse
889 1673 1084 1753 Capitulum,

114 1779 130 1818 r
155 1777 225 1820 sans
245 1760 308 1822 rien
323 1760 454 1822 receroir
472 1759 510 1822 de
532 1760 664 1834 celle-ci,
681 1761 807 1841 prescrit
820 1760 911 1840 qu’en
926 1760 1018 1841 parcit
1037 1780 1087 1824 cas

115 1869 130 1906 n
155 1847 192 1938 le!
206 1847 326 1928 produit
345 1847 399 1910 des
419 1849 537 1930 pointes
557 1848 613 1910 soit
633 1849 774 1930 uppliqud
791 1849 809 1910 a
829 1847 858 1910 la
877 1848 1026 1930 Fabiique
1048 1849 1086 1913 de

113 1959 129 1995 r
155 1936 275 2026 l’Egiise
295 1956 334 2000 ou
358 1939 375 1998 a
402 1937 534 2018 quelque
562 1936 784 1999 e'tobiissernent
805 1937 876 2019 pie,
904 1955 943 1998 au
970 1939 1085 2018 gredo

114 2047 129 2084 r
155 2025 306 2106 l’Ereque.
322 2047 337 2084 n
356 2025 441 2090 Unde
459 2027 543 2104 juxta
559 2025 638 2088 banc
658 2024 843 2088 decisionem
863 2024 1086 2090 distributiones

112 2113 231 2176 arnissae
252 2119 322 2188 sunt
343 2115 419 2176 inter
437 2121 599 2195 presentes
613 2113 826 2176 distribuendas
840 2113 962 2195 quando
974 2116 1086 2177 consti»

112 2209 241 2266 tuuntur
254 2221 289 2265 cx
307 2204 392 2264 tertia
408 2211 490 2284 parte
506 2221 611 2264 massae
625 2203 814 2284 capitularis3
830 2221 917 2266 secus
936 2204 959 2264 si
974 2205 1085 2266 eonsti-

114 2299 286 2354 tuunturex
300 2291 444 2354 fructibus
457 2291 602 2352 distinctis
616 2291 654 2352 nb
663 2291 719 2352 boc
732 2295 841 2352 massa.
854 2293 925 2354 Haec
937 2290 1085 2356 distinctio

111 2380 272 2443 deducitur
288 2399 325 2444 ex
339 2381 449 2442 Bened.
466 2381 659 2458 xtv‚1nsrtt.
676 2383 744 2456 107,
760 2379 816 2460 §t
833 2389 866 2442 n⁰
880 2383 930 2442 41.
945 2380 992 2462 (V.
1002 2383 1084 2444 Ana·

115 2471 209 2543 lecto,
223 2467 276 2548 ib,
292 2469 350 2533 col.
366 2472 448 2547 tlt.)
469 2469 478 2504 ¹

153 2563 244 2624 2258.
268 2561 311 2622 Ex
326 2558 457 2621 Concilio
478 2557 610 2620 Trident.
632 2573 716 2634 (sess.
731 2559 781 2634 at,
801 2575 868 2639 cap.
888 2557 933 2636 3),
949 2555 986 2618 ad
999 2557 1085 2639 Epis·

114 2667 225 2731 copurn
241 2649 368 2731 pertinet
381 2649 580 2711 determinare
595 2647 720 2710 rncdunr
734 2664 796 2728 quo
810 2646 873 2708 tieri
888 2644 1017 2709 debeant
1029 2647 1087 2710 dis·

112 2738 293 2803 tributiones
306 2737 416 2818 (ibid).

155 2827 297 2889 Canonici
308 2875 317 2903 ,
327 2827 463 2908 quamvis
472 2825 558 2906 pauci
569 2825 643 2902 sint,
654 2831 725 2907 puta
734 2823 795 2887 duo
804 2824 850 2886 vet
863 2829 923 2887 tres
934 2873 941 2894 ‚
953 2823 1086 2888 officium

113 2916 147 2978 in
164 2915 256 2977 choro
270 2934 377 2978 canere
393 2923 552 2990 tenentur;
568 2915 640 2977 alias
661 2915 699 2976 ab
713 2913 871 2977 Ordinario
888 2922 1012 2996 possunt
1024 2913 1085 2978 dis·

113 3005 328 3067 tributionibus
339 3005 456 3085 privari.
472 3007 515 3065 lta
528 3005 559 3066 S.
575 3003 607 3066 C.
625 3004 731 3079 Cone,
746 3005 781 3065 31
799 3003 869 3066 maii
885 3007 974 3068 1696.

157 3087 320 3156 staal'utst
335 3091 785 3170 renuntientdistributionibus,
795 3092 937 3156 Cononici
947 3093 1086 3176 etDigni·

113 3191 191 3246 tutes
206 3189 330 3264 possunt
349 3181 386 3243 ab
409 3181 557 3263 Episcopo
570 3181 708 3262 compelli
724 3181 761 3244 ad
775 3181 967 3244 residendum
982 3201 1085 3264 perso-

113 3271 241 3348 naliter,
257 3271 298 3333 uti
318 3268 373 3331 tuit
386 3269 568 3333 deciaratum
589 3271 607 3331 a
626 3271 658 3334 S.
682 3272 830 3354 congreg.
851 3269 984 3334 concilii.
999 3270 1085 3353 (Vide

114 3360 214 3423 B0uix
222 3405 233 3436 ,
251 3359 295 3422 De
309 3357 477 3442 Capitulis,
491 3377 522 3441 p.
538 3358 621 3440 trs.)

150 3573 186 3638 (t)
200 3571 260 3624 lide
273 3573 364 3622 terret.
379 3571 404 3622 S.
415 3573 505 3636 Congr.
519 3569 630 3624 Gcnc.3t
640 3568 778 3632 maiit'lllt,
788 3583 827 3634 ap.
842 3571 922 3620 benus
933 3567 1090 3618 &cocleam

117 3646 195 3697 escili
220 3651 236 3692 t.
253 3639 333 3700 xxttt.
348 3657 371 3696 p.
383 3643 437 3694 ott).
