2550 3992
512 293 880 415 MANUALE

346 513 549 578 TOTIUS
574 513 595 574 J
601 512 734 575 URIS
759 511 1054 575 CANONICI.

212 649 1183 692 affl

436 797 609 881 LIBER
642 796 957 880 SECUNDUS.

323 964 367 1017 ult
382 961 502 1016 REBUS
525 959 822 1014 acceustnsmcts
847 958 914 1013 SEU
938 957 1079 1013 SAGRlS.

253 1099 341 1158 3l69.
364 1091 494 1155 Nomine
507 1110 606 1153 reram
619 1091 878 1154 ecclesiasticorum
894 1109 946 1154 seu
959 1109 1126 1162 sacramen,
1143 1092 1188 1156 blo

214 1183 419 1263 intelliguntur
435 1199 637 1262 quaecumque
659 1198 707 1242 res
717 1227 725 1258 ,
736 1189 845 1262 praeter
858 1197 1003 1260 personas
1016 1189 1047 1244 et
1058 1180 1187 1260 iudicia,

213 1289 282 1354 quae
296 1271 332 1332 ad
343 1269 481 1332 ordinem
495 1287 550 1331 seu
565 1269 657 1330 linem
672 1267 931 1350 supernaturalem
946 1277 1096 1350 spectant.

255 1357 388 1440 Duplicis
406 1359 525 1440 generis
538 1365 608 1420 sunt
623 1377 631 1419 :
647 1359 714 1420 aliae
735 1357 925 1438 spirituales,
941 1375 1011 1438 qua
1027 1355 1145 1420 directe
1163 1366 1192 1421 et

215 1447 373 1529 specialitas
397 1445 559 1527 respiciunt
581 1445 697 1508 cultum
716 1445 770 1506 Dei
794 1450 825 1507 el
842 1444 1112 1508 sanctificationem
1130 1447 1191 1508 ani·

216 1553 355 1612 marum,
371 1542 462 1616 prout
483 1543 684 1610 sacramento,
710 1533 954 1609 sacramentalia,
973 1533 1189 1618 indulgentia,

217 1643 340 1706 preces,
357 1623 450 1697 lesbi,
466 1623 619 1700 ecclesiae,
639 1641 709 1684 vasa
726 1640 830 1696 sacra,
846 1621 934 1684 sacra
951 1623 1103 1704 supellex.
1120 1633 1188 1699 etc,

217 1715 282 1776 aliae
297 1712 476 1794 temporales
489 1729 558 1792 quae
568 1711 736 1792 specialiter
749 1710 938 1772 destinantur
951 1709 989 1772 ad
1003 1713 1191 1774 sustentatio

218 1819 288 1862 nem
299 1801 504 1862 ministrorum
518 1799 672 1875 Ecclesia,
688 1799 881 1862 sublevamen
891 1817 1060 1880 pauperum
1068 1807 1099 1862 et
1108 1819 1188 1862 corn·

218 1891 403 1970 parationem
417 1906 524 1950 eorum
541 1889 680 1949 omnium
695 1905 763 1968 quae
777 1887 813 1948 ad
828 1886 944 1948 cultum
958 1887 1011 1949 Dei
1026 1888 1182 1969 pertinent.
1255 1879 1256 1947 l

259 1979 439 2038 Praesentem
454 1976 563 2038 librum
578 1979 608 2036 in
623 1975 698 2038 duas
711 1975 879 2038 dividemus
892 1975 1041 2038 sectiones
1058 1996 1065 2036 :
1082 1977 1113 2038 in
1128 1975 1183 2058 pri-

218 2068 268 2125 ma
281 2072 386 2144 agetur
397 2064 533 2126 derebus
542 2065 635 2127 sacris
645 2064 859 2146 spiritualibus,
871 2063 902 2124 in
912 2063 1046 2127 secunda
1055 2063 1093 2126 de
1102 2065 1184 2128 rebus

218 2153 309 2213 sacris
321 2152 544 2232 temporalibus.

507 2319 687 2401 SECTIO
717 2321 894 2402 Ptttntl.

419 2471 459 2524 ns
482 2471 584 2525 naeus
610 2471 717 2527 sacrus
740 2472 985 2529 artmannus.

257 2624 347 2684 atto.
362 2619 448 2683 Tales
462 2627 551 2699 sunl,
566 2627 600 2683 ut
612 2621 704 2684 modo
716 2621 865 2701 diximus,
881 2630 1085 2701 sacramenta,
1095 2643 1177 2688 sacra
1254 2635 1255 2640 ’

218 2709 380 2786 menualia,
403 2707 558 2790 sunngta,
582 2708 796 2791 indulgentia,
818 2713 976 2794 exequiae,
1000 2715 1177 2786 caemeteria,

218 2799 353 2860 ecclesiae
366 2797 485 2879 aliaque
498 2799 563 2861 loca
577 2815 680 2875 sacra,
696 2817 764 2862 vasa
777 2807 807 2862 et
827 2801 961 2882 supellex
975 2801 1069 2864 cultui
1089 2801 1179 2863 dirim

218 2884 332 2958 dicata,
348 2885 525 2949 beatificatio
544 2891 575 2950 et
595 2887 780 2951 canonizatio
795 2891 993 2968 Sanctorum,
1009 2889 1099 2967 festa,
1111 2889 1181 2968 jeiu-

220 2971 287 3047 nia,
303 2971 441 3052 liturgia,
454 2973 588 3037 divinum
602 2975 752 3051 ollicium,
767 2984 847 3040 vola.
864 2979 908 3040 De
923 2977 1066 3041 omnibus
1076 2978 1120 3039 bis
1131 2977 1183 3038 dis·

220 3075 355 3122 salernus
363 3060 393 3120 in
403 3060 527 3124 totidem
536 3063 697 3145 capitibus3
709 3065 873 3146 unicuique
885 3071 987 3128 tamen
998 3067 1184 3130 Sacramenta

221 3147 276 3209 orit
288 3153 379 3228 caput
391 3151 562 3228 proprium,
577 3159 645 3232 post
658 3158 746 3233 caput
760 3151 798 3214 da
812 3153 1055 3218 Sacramentum
1065 3171 1183 3238 genere.

602 3324 749 3392 CAPUT
775 3327 804 3392 l.

453 3455 495 3505 nn
517 3455 738 3511 saumanuns
761 3460 796 3510 ru
817 3461 956 3514 annana.

240 3573 349 3669 ‚³¹st
365 3575 557 3637 Sacramenta
567 3576 760 3641 institutionis
773 3589 843 3642 sunt
852 3580 909 3644 divi
919 3599 976 3662 tae,
986 3583 1117 3666 proinde
1125 3605 1190 3670 spe·
1253 3559 1254 3562 Ἴ

221 3658 296 3720 ciale
309 3660 461 3738 objectum
474 3663 630 3743 theologia
639 3666 700 3727 sive
709 3667 888 3748 dogmaticae
896 3691 902 3727 ,ι
911 3671 957 3734 ive
966 3673 1090 3736 moralis
1102 3695 1111 3738 a
1123 3677 1189 3757 quia
