2522 3992
184 196 244 258 ell
424 210 563 259 utantur
580 212 680 259 rorrns
699 213 783 260 tuan
802 211 954 262 clxonru.

184 305 361 371 Pontificem
384 325 439 370 seu
458 305 634 369 Ecclesiam.
659 309 782 372 lesuitae
803 309 874 372 verb
890 307 1009 372 habent
1032 309 1073 374 in
1100 327 1199 373 com·
1229 337 1230 386 x

185 397 270 460 muni
301 414 362 459 non
396 396 514 458 tantirm
542 395 699 459 mobilium
733 397 804 480 ipsis
831 398 1108 470 inservientium,
1141 399 1196 461 sed

184 487 274 550 etiam
295 485 460 548 dominium
482 483 592 547 domus
615 485 807 568 professionis
822 505 912 568 quam
932 485 1092 549 habitant
1117 507 1193 550 eum

186 575 272 637 borlo
292 582 321 638 et
338 575 487 649 ecelesia,
509 574 562 635 etsi
587 575 645 636 alia
667 575 835 637 immobilia
857 575 888 636 in
909 577 1192 638 sustentationem

187 683 246 725 non
262 663 400 726 habeant.
417 665 489 726 Jura
502 669 603 724 autem
618 666 789 726 electiones
802 663 840 725 ad
854 681 973 726 annuos
988 666 1189 745 pensiones,

187 752 273 815 bonis
290 751 493 814 immobilibus
506 759 714 816 accensentur.

227 847 315 905 2792.
344 841 527 922 lnoapaoitas
548 840 672 902 istarum
695 840 886 922 Religionum
907 841 1093 906 immobilia
1119 862 1189 926 pos·

187 931 302 993 sidendi
324 947 385 990 non
413 929 544 990 excludit
566 927 756 992 fundationes
778 935 809 992 el
831 947 950 992 annuos
973 949 1104 994 census
1132 953 1187 1014 pro

187 1018 325 1100 expensis
340 1018 437 1080 cultus
450 1017 560 1092 dixini;
575 1025 604 1079 et
618 1018 718 1099 quoad
732 1019 797 1092 isla,
814 1017 944 1100 religiosi
957 1027 1035 1080 sunt
1052 1025 1185 1082 tantum

188 1125 249 1170 suaa
271 1105 404 1168 eeclesia
417 1107 585 1184 oeconnmi,
601 1125 657 1169 nec
671 1115 796 1189 possunt
810 1108 882 1170 istos
894 1107 1032 1171 redditus
1051 1109 1099 1170 ad
1117 1130 1184 1191 pro

188 1195 284 1277 priam
320 1195 568 1258 sustentationem
601 1205 785 1258 convertere.
820 1196 982 1278 Capueeini
1014 1199 1122 1260 eliam
1155 1205 1183 1260 et

187 1285 319 1348 Minores
328 1285 372 1347 Dc
382 1284 572 1347 Observantid
579 1303 703 1367 capaces
713 1293 783 1347 sunt
797 1285 969 1365 hujusmodi
985 1285 1098 1366 legata
1106 1289 1182 1350 reci·

188 1373 306 1457 piendi;
322 1372 374 1436 sed
390 1392 443 1456 per
459 1373 583 1436 modum
604 1374 804 1456 eleemosynae
825 1383 876 1436 aut
896 1373 1094 1450 ullomodo,
1123 1397 1180 1439 nee

187 1482 242 1546 per
261 1481 293 1526 sc
307 1481 364 1526 neo
382 1481 436 1546 per
450 1461 591 1544 syndieos
605 1471 655 1524 ant
669 1463 759 1532 alios.
782 1471 907 1545 possunt
922 1481 958 1526 ea
970 1465 1107 1545 exigere
1121 1467 1178 1528 sub

187 1555 276 1636 poenl
291 1551 609 1616 excommunicationis
628 1551 692 1632 ipso
706 1551 784 1613 laeto
799 1551 1010 1626 incurrendae3
1029 1553 1175 1633 legatum

187 1649 289 1705 tamen
313 1661 374 1705 non
395 1649 438 1704 est
462 1639 580 1702 nullum
600 1640 674 1702 :sed
695 1640 719 1701 sl
747 1641 842 1703 baares
860 1641 936 1702 nolit
957 1639 1033 1701 illud
1057 1648 1174 1724 sponte

188 1733 274 1796 dictis
288 1730 475 1812 regularibus
496 1747 630 1810 erogare,
653 1729 691 1790 ad
713 1729 859 1791 fabricam
879 1731 910 1791 S.
937 1729 1037 1802 Petri,
1063 1732 1173 1812 vigore

189 1823 412 1904 privilegiorum
424 1817 658 1901 pontificiorum,
670 1825 782 1898 spectat
798 1817 869 1880 illud
880 1818 970 1880 etiam
982 1818 1171 1896 judicialiter

188 1911 322 1991 exigere3
346 1911 369 1972 si
393 1915 494 1972 autem
517 1907 649 1986 legatum
669 1906 845 1984 adjunctum
866 1905 972 1968 habeat
986 1925 1067 1968 onus
1088 1911 1167 1971 cele-

189 1998 295 2060 brandi
306 1998 423 2073 missas,
439 2004 491 2058 aut
504 1994 576 2077 quid
591 1993 683 2070 aliud,
698 1994 850 2057 declarare
863 1995 974 2056 debent
990 1993 1061 2056 dieti
1078 2015 1167 2078 regu-

189 2087 264 2150 lares
278 2104 310 2147 se
323 2087 398 2148 velle
412 2084 534 2167 qtridem
550 2084 629 2165 piam
649 2083 795 2146 testatoris
809 2084 1007 2146 intentionem
1022 2084 1161 2165 implere,

189 2174 241 2238 sed
257 2173 370 2237 nullam
384 2181 538 2255 acceptare
553 2171 767 2252 obligationem
781 2190 819 2234 ex
830 2173 954 2252 justitia.
970 2171 1047 2233 Vide
1061 2174 1164 2237 Ferm-

188 2264 245 2339 ris,
275 2275 305 2326 νθ
327 2263 487 2346 Legatum,
510 2273 543 2322 n⁰
566 2264 603 2322 95
611 2279 619 2336 ;
646 2261 760 2334 Bouix,
788 2261 834 2323 De
856 2261 1011 2343 Regulam,
1034 2269 1113 2326 tom.
1132 2270 1160 2343 2,

188 2373 219 2436 p.
235 2357 364 2416 tea-565
377 2373 385 2431 ;
399 2355 433 2415 Ρ.
452 2349 622 2427 aautrelet,
642 2348 744 2412 Traite'
764 2348 800 2413 de
821 2349 906 2412 i'c'tot
921 2350 1023 2432 relig„
1038 2357 1115 2414 tom.
1133 2361 1158 2432 l,

188 2461 209 2524 p
228 2535 315 2595 2793.
333 2529 456 2603 Ouaerit.
482 2532 531 2591 {2⁰
548 2528 613 2600 Ouo
636 2545 726 2589 sensu
748 2525 917 2590 llinoribus
934 2533 964 2591 et
983 2529 1158 2611 anuecinis

189 2620 373 2702 prohibitum
391 2620 429 2682 sit
448 2617 608 2701 pecuniam
622 2615 754 2694 habere,
770 2623 861 2698 atque
874 2617 966 2680 etiam
986 2635 1080 2680 manu
1091 2625 1154 2680 tao·

209 2710 280 2772 ere?

189 2728 209 2792 g
228 2801 318 2879 ltesp.
333 2799 422 2860 Hunc
435 2815 559 2860 sensum
575 2797 684 2878 exponi
701 2796 733 2858 in
748 2795 871 2858 Constit.
887 2793 1078 2876 Sollicitudo,
1091 2797 1107 2880 §
1119 2803 1150 2873 l.

190 2887 363 2948 ubidicitur
383 2905 390 2947 :
412 2886 568 2949 «aliarum
588 2903 691 2949 rerum
712 2885 949 2948 necessariarum
964 2885 1080 2948 Fratres
1099 2887 1151 2950 lli-

189 2996 204 3038 o
229 2991 318 3034 nores
331 2971 369 3033 de
385 2973 514 3054 Corpore
529 2975 730 3038 Observanliae
745 2973 919 3053 hujusmodi
932 2973 1148 3056 haserenan,

194 3083 204 3122 x
230 3062 295 3124 licet
318 3077 381 3122 non
403 3060 592 3139 dominium;
612 3063 797 3126 denariorum
818 3071 915 3123 cutem
936 3081 986 3124 nec
1000 3063 1148 3128 dominium

186 3172 204 3212 o
229 3169 279 3212 occ
295 3169 377 3211 usum
397 3168 408 3210 .·
427 3155 457 3208 ct
476 3151 604 3230 proinde
624 3153 735 3233 poteris
754 3151 945 3213 contrectatio
959 3156 1088 3234 pectmioe
1103 3175 1147 3218 sca

189 3262 204 3302 n
228 3238 431 3312 denar-iorum,
454 3256 520 3320 quir
539 3257 595 3300 non
614 3241 656 3301 ait
671 3239 748 3323 pori
767 3239 934 3312 naturalis,
959 3257 1013 3304 seu
1032 3262 1095 3324 quae
1113 3246 1146 3308 sit

188 3351 203 3390 a
229 3327 333 3409 quovis
347 3327 439 3390 modo
450 3325 590 3410 politica,
606 3331 824 3410 cujuscumque
838 3329 953 3392 domini
967 3330 1026 3392 sint
1044 3332 1144 3396 denarii

134 3461 138 3468 .
189 3441 203 3477 a
229 3433 282 3478 seu
303 3417 453 3497 pecunia,
475 3415 634 3478 Fratribus
655 3417 821 3480 Minoribus
838 3418 883 3481 De
903 3417 1087 3482 Obsuvontid
1107 3431 1143 3484 etl

30 3555 31 3582 ,
188 3525 204 3565 n
228 3504 343 3564 omnino
357 3501 521 3584 prohibito.
543 3524 558 3562 a

30 3591 32 3680 l
228 3593 318 3652 ctat.
340 3593 397 3653 Per
419 3591 684 3658 contrectationem
711 3599 849 3676 monnica
866 3597 1023 3681 politicam
1047 3601 1139 3664 inlelli-
