2528 3996
206 209 263 270 599
429 221 567 270 trinutum
587 217 688 264 rorrus
708 217 789 263 runis
810 213 958 262 cruomu.

205 347 220 382 o
244 329 334 387 testes
347 321 467 405 publice
485 328 516 383 et
532 319 672 402 politice,
686 335 755 400 quoe
769 317 788 378 b
801 315 941 398 Principe
954 313 1001 378 vel
1016 312 1195 397 Republici

205 413 418 476 emanavit.»

245 506 334 566 9985.
352 502 423 564 Haec
436 499 526 562 eliam
540 496 626 560 tertia
640 500 772 577 potestus
785 493 919 557 Prreletis
930 493 1195 575 Religioniseom-

206 593 298 675 petil,
318 590 388 672 quie
411 589 443 650 in
467 587 551 650 omni
574 585 714 648 societate
737 590 868 664 potestas
891 589 936 645 est
958 586 1133 646 necessario
1153 584 1193 646 ad

207 671 1192 760 itliusregimen.Sufficitquidembenepoleslnsdominatira,nee

207 767 369 849 requiritur
383 767 413 828 in
425 763 636 847 Superioribus
650 760 796 842 religiosis
809 768 940 842 potestas
951 760 1188 840 iurisdictionis,

207 859 249 920 uti
264 864 379 920 constet
391 873 427 917 ex
442 851 631 916 monasteriis
647 849 824 911 monialium
839 849 871 910 in
892 849 1003 930 quibus
1025 849 1191 913 Abbatisse

208 965 269 1007 non
285 946 371 1006 babet
385 949 560 1026 potestatem
573 940 720 1014 clavium,
736 943 767 1000 et
777 937 975 1000 nibilominus
989 936 1031 1000 illi
1047 943 1084 1000 ut
1097 940 1190 1001 matri

207 1034 406 1112 subjiciuntur
421 1031 583 1101 moniales,
604 1035 805 1110 tenemurque
820 1025 862 1090 illi
875 1026 999 1091 obedire
1012 1027 1190 1090 secundum

207 1123 342 1202 regulum
357 1137 448 1202 quem
462 1129 532 1181 sunt
546 1117 698 1200 proiessae.

246 1213 335 1272 9986.
361 1208 522 1290 Regulcres
548 1215 668 1278 temen,
693 1205 753 1269 siue
773 1205 828 1268 viri
852 1206 913 1270 sive
929 1205 1074 1282 lemine,
1094 1209 1190 1288 iuris-

207 1296 328 1360 dictioni
350 1298 477 1376 alicujus
497 1314 615 1377 semper
634 1295 847 1374 subjiciuntur.
868 1299 939 1357 cirm
962 1297 1107 1359 ucetesiae
1130 1301 1189 1360 sint

209 1389 376 1450 necessario
390 1387 513 1468 subjecli
528 1405 535 1444 :
552 1384 722 1447 subduntur
735 1391 835 1446 eutem
844 1384 1059 1464 iurisdictioni,
1071 1395 1119 1447 vet
1132 1407 1189 1448 un·

208 1477 337 1539 mediate
351 1477 381 1540 S.
405 1474 559 1538 Pontificis
573 1481 624 1536 aul
638 1473 755 1536 Praeleti
773 1473 919 1554 regularis
936 1475 986 1536 cui
1005 1475 1076 1536 tetis
1094 1475 1188 1552 juris-

208 1565 299 1628 dictio
312 1567 349 1627 ab
364 1565 495 1628 Ecclesia
506 1563 594 1624 detur
603 1563 627 1623 si
641 1563 702 1624 sint
715 1561 856 1643 exempti,
871 1562 917 1624 vel
933 1563 1074 1644 Episcopi
1088 1565 1111 1626 si
1128 1585 1187 1626 nou

208 1655 267 1718 sint
289 1655 439 1736 exempti,
461 1654 565 1735 quales
585 1659 701 1713 exstent
724 1651 870 1713 moniales
887 1649 968 1733 opud
988 1669 1061 1728 nos;
1079 1671 1188 1716 onmes

208 1753 308 1806 eutem
331 1744 392 1806 sire
409 1743 463 1806 viri
478 1743 539 1804 sive
558 1740 700 1802 mulieres
717 1739 830 1821 ubique
852 1739 1055 1818 subjiciuntur
1080 1743 1187 1806 saltem
1250 1761 1251 1800 ᾗ

209 1833 337 1896 medele
348 1829 548 1912 jurisdictioni
561 1830 593 1892 S.
609 1827 780 1902 Poenicis,
792 1847 844 1910 qm
859 1828 941 1889 illam
956 1838 1081 1892 exercet
1095 1851 1187 1913 perse

208 1929 260 1983 eut
271 1941 324 2003 per
337 1921 441 1984 elium.

248 2014 336 2072 2987.
359 2009 521 2092 Suppositb
540 2008 749 2089 exemptione,
765 2023 933 2070 necessaria
951 2013 997 2068 est
1014 2008 1186 2087 jurisdictio

208 2099 420 2182 Superioribus
429 2099 577 2160 Ordinem
586 2099 718 2159 virorum
730 2116 737 2157 ε
750 2095 862 2159 etenim
874 2097 904 2157 in
919 2094 999 2158 dicte
1008 2097 1185 2179 hypothesi,

208 2185 379 2266 hujusmodi
400 2186 527 2248 Ordines
549 2186 603 2248 soli
618 2188 649 2249 S.
671 2184 808 2247 Pontifici
825 2184 998 2247 immediate
1013 2187 1185 2266 subjiciun-

208 2283 273 2351 tur;
295 2276 383 2357 porro
402 2293 455 2356 per
471 2275 569 2337 solum
584 2275 761 2337 Pontiticem
776 2273 938 2355 gubernari
958 2291 1020 2336 non
1038 2287 1184 2356 possunt,

209 2383 265 2427 nee
279 2364 490 2426 convenienter
503 2381 556 2445 per
565 2381 636 2427 suos
649 2363 813 2444 delegatos,
829 2363 899 2426 cbni
915 2361 1040 2426 inomni
1055 2365 1186 2448 congre

208 2456 328 2536 galione
359 2453 518 2516 necessarii
545 2453 606 2516 sint
630 2459 765 2536 pastores
792 2451 960 2530 ordinarii,
989 2453 1101 2534 peiles
1125 2459 1186 2537 rjus
1248 2417 1249 2497 i

208 2565 278 2605 coro
300 2563 338 2606 ee
359 2543 449 2624 officio
465 2541 631 2614 inerrabat,
654 2543 753 2623 inquil
771 2543 896 2612 Sumen:
919 2559 992 2623 ergo
1009 2543 1038 2603 si
1052 2544 1109 2606 illi
1123 2567 1188 2626 pus-
1247 2611 1248 2614 ,

209 2643 283 2696 tores
299 2653 356 2694 non
376 2634 437 2694 sint
456 2632 617 2715 Episcopi,
639 2633 844 2694 necessarium
862 2637 909 2694 est
930 2639 962 2694 ut
980 2631 1043 2694 sint
1067 2633 1186 2698 Praelnti

208 2725 320 2808 proprii
335 2723 575 2804 uuiuscujusque
588 2721 763 2803 Religionis.

249 2819 337 2878 9988.
361 2813 404 2874 llli
429 2821 531 2875 eutem
555 2810 669 2873 Praeleti
689 2812 720 2873 in
737 2810 934 2894 religionibus
951 2811 1104 2894 exemptis
1117 2819 1188 2877 sunl

209 2901 337 2962 Prolati
350 2901 381 2962 in
397 2921 462 2964 vero
475 2910 505 2964 et
516 2900 639 2984 proprio
655 2919 763 2963 seruc:
782 2901 853 2982 quie
875 2900 985 2964 babent
996 2901 1186 2980 jurisdictio

209 3007 281 3051 nem
307 2991 426 3071 proprie
449 2991 559 3052 dictem
586 2995 617 3052 et
642 2990 728 3072 quasi
751 2990 969 3072 episcopalem,
997 3007 1061 3052 non
1084 2993 1187 3055 solinu

208 3097 264 3160 pro
278 3077 342 3140 loro
363 3077 576 3158 poenitentiali,
598 3077 650 3141 sed
673 3079 763 3141 etium
779 3097 833 3162 pro
847 3077 913 3142 loro
931 3085 1057 3142 esterno
1071 3089 1103 3142 et
1118 3101 1188 3145 cou-
1245 3083 1246 3088 ’

208 3169 346 3230 tentioso.
367 3165 453 3228 Tales
475 3175 545 3229 sunt
564 3168 716 3250 Praepositi
740 3169 917 3243 Genereles‚
938 3169 1142 3234 Prot·inciales
1160 3179 1188 3233 et

209 3255 336 3327 locales,
363 3254 493 3317 Abbales
515 3273 641 3340 nempe,
657 3258 793 3336 Priores,
817 3255 995 3336 Guerdieni,
1016 3266 1077 3321 etc.
1097 3277 1106 3321 t
1130 3260 1188 3322 illis

208 3343 479 3423 eutemjurisdictio
492 3348 636 3428 competit
645 3347 714 3426 jure
728 3347 865 3430 positivo,
880 3363 941 3409 non
953 3353 1058 3409 eutem
1069 3347 1186 3411 diuino.

247 3437 335 3496 2989.
358 3434 430 3496 Sine
441 3435 521 3513 juste
534 3439 635 3510 ceusb,
652 3435 794 3498 Preietos
803 3437 899 3515 major
918 3453 978 3498 non
994 3445 1094 3516 potest
1109 3438 1188 3501 licite
1244 3465 1245 3545 p

209 3523 387 3603 restringere
407 3523 646 3602 jurisdictionem
667 3525 851 3586 ordinariam
873 3523 1021 3586 inferioris
1047 3524 1187 3604 Praeluti,

210 3627 264 3672 neo
279 3609 355 3677 licite
368 3629 441 3679 eum
454 3630 609 3690 emovere3
625 3613 678 3675 sed
692 3622 789 3694 polest
801 3613 907 3677 valide.
