2522 3992
204 202 262 266 tto
420 221 557 276 umcros
575 225 677 276 sortus
694 226 777 276 susas
796 225 946 278 aaronica.

202 337 220 378 s
243 315 383 384 domibus
395 327 458 384 tam
471 321 603 386 virorum
618 325 709 406 qutun
725 324 900 396 mulierum,
915 322 996 386 bona
1009 320 1180 388 immobilia

203 426 218 466 u
243 408 464 490 possidentibus
477 411 522 474 vel
537 431 598 475 non
611 413 842 494 possidentibus,
857 415 883 476 is
896 414 1014 477 matiam
1029 431 1180 478 numerus

204 519 218 556 s
242 500 439 563 constituatur
460 520 496 564 ac
517 503 548 565 in
571 510 725 584 posterum
748 512 960 580 conservetur,
979 502 1048 585 qui,
1069 501 1116 564 vel
1142 521 1179 565 ex

204 608 218 645 r
243 587 407 652 redditibus
438 591 566 674 propriis
588 592 862 669 monasteriorum,
888 592 934 654 vel
964 609 1001 654 ex
1023 592 1178 654 consuetis

202 697 218 736 n
242 676 608 760 eteeniosynisoomniode
624 683 716 764 possit
729 683 899 746 sustentari.
915 704 930 740 o

242 768 275 828 In
290 773 344 831 sub
357 769 481 832 Constit.
498 769 522 835 C
523 772 571 831 dm
584 771 677 850 ola'ds,
696 777 730 834 tr
745 792 814 853 aug.
833 775 928 848 1622,
946 772 1110 853 Gregorius
1123 774 1177 834 XV

202 858 299 939 magis
311 864 450 942 expresse
459 861 836 925 determinavitnumerum
852 861 1061 942 religiosorum
1078 881 1086 922 ε
1108 864 1177 924 olle

202 967 216 1003 a
242 956 368 1026 caetero,
384 949 498 1032 inquit,
513 951 745 1027 monasterium,
761 958 939 1028 conventus,
954 949 1080 1026 donrus,
1096 951 1176 1011 Con·

202 1061 215 1095 a
243 1037 394 1116 gregatio,
418 1040 463 1101 vel
494 1040 625 1104 Societas
651 1040 861 1122 religiosorum
865 1085 925 1102 .....
955 1039 1175 1120 cujuscumque

202 1149 215 1182 r
243 1127 397 1190 ordinis...
414 1135 444 1192 et
457 1132 795 1213 Instituti,quooumqne
809 1129 933 1192 noniine
948 1137 1175 1209 nuncupentur,

202 1241 215 1272 o
245 1235 304 1278 non
318 1219 484 1300 erigantur,
500 1221 556 1282 nisi
578 1221 609 1282 in
632 1239 669 1283 co
687 1220 792 1283 saltem
814 1218 975 1281 duodecim
999 1215 1107 1280 iratres
1123 1227 1176 1282 aut

201 1328 215 1362 ii
243 1307 382 1370 monachi
398 1329 452 1372 seu
467 1309 596 1392 religiosi
609 1309 775 1372 inhabitare
788 1327 824 1372 ac
837 1327 872 1371 ex
884 1306 1048 1370 redditibus
1060 1314 1093 1369 et
1105 1325 1177 1370 cou-

201 1417 215 1452 o
242 1397 334 1459 suetis
348 1399 547 1482 eleemosynis
561 1400 720 1462 sustentari
735 1399 861 1461 valeant.
878 1419 893 1457 n

243 1491 331 1551 boot.
354 1491 421 1551 Non
433 1490 568 1552 absolute
582 1497 682 1552 tamen
698 1489 896 1570 probibentur
913 1487 987 1569 erigi
1006 1495 1175 1552 conuentus

202 1576 232 1638 in
247 1578 357 1659 quibus
372 1580 528 1660 pauciores
542 1580 602 1642 sint
615 1585 666 1642 ant
680 1578 839 1640 sustentari
857 1577 973 1640 valeant
992 1579 1086 1658 qubm
1098 1577 1173 1640 dno-

202 1665 299 1728 decim
314 1668 462 1749 religiosi:
481 1687 550 1730 nam
564 1717 570 1744 ,
586 1673 622 1730 at
641 1667 719 1748 junii
734 1671 810 1730 lobi
825 1714 833 1744 ,
854 1667 941 1747 J'ussu
955 1672 986 1729 et
998 1668 1174 1730 auctoritate

202 1757 314 1818 Urbani
330 1759 414 1834 l'lll,
440 1757 548 1838 prodiit
570 1759 729 1820 Decretum
751 1758 783 1818 S.
806 1756 900 1836 Coug.
924 1757 1015 1818 Cone.
1039 1755 1071 1816 in
1096 1775 1172 1838 quo,

203 1850 341 1906 renouata
360 1845 560 1925 prohibitione
582 1846 717 1927 Gregorii
738 1847 791 1908 XV
809 1852 973 1907 conventus
993 1845 1130 1926 erigendi
1150 1845 1172 1908 si

203 1934 232 1993 in
248 1935 291 1994 eis
305 1953 366 1994 non
382 1936 441 1994 sint
454 1933 559 1995 saitem
573 1935 734 1996 duodecim
749 1933 878 2014 religiosi
889 1981 896 2002 ,
906 1933 1044 1995 additur:
1065 1955 1081 1994 o
1096 1936 1172 1998 Alio

202 2045 216 2079 i)
242 2021 313 2101 quin
331 2024 510 2083 nionasteria
523 2029 552 2083 et
565 2023 630 2084 loca
648 2021 819 2102 hujusmodi
837 2021 961 2102 posthac
979 2023 1171 2104 recipienda,

201 2133 216 2168 i>
242 2109 270 2169 in
287 2111 397 2191 quibus
411 2111 569 2173 duodecim
586 2111 730 2193 religiosi,
746 2119 778 2174 ut
793 2129 894 2192 supra,
909 2111 1067 2174 sustentari
1083 2123 1171 2194 atque

202 2221 215 2256 o
243 2198 405 2261 inhabitare
420 2218 480 2261 non
496 2209 653 2282 poterunt,
676 2208 705 2262 et
721 2207 789 2263 actu
809 2217 870 2260 non
890 2197 1104 2278 habitaverint,
1121 2204 1170 2266 Or·

200 2310 215 2348 s
241 2286 348 2350 dinarii
375 2288 430 2351 loci
460 2290 636 2366 visitationi,
665 2289 843 2352 correctioni
870 2295 960 2370 etque
987 2291 1170 2356 omnimodae

201 2399 216 2438 o
236 2377 435 2457 jurisdictioni
450 2379 582 2457 subjecta
592 2397 657 2442 esse
670 2378 911 2460 intelligantur.o
926 2378 1088 2442 Decretum
1099 2381 1170 2444 illud

200 2468 349 2544 reperitur
361 2466 440 2540 apud
464 2467 611 2542 Ferraris,
630 2473 660 2530 v⁰
682 2466 859 2537 Conventus,
881 2473 938 2530 nrt.
951 2471 989 2536 l,
1007 2478 1042 2529 nt
1061 2472 1112 2531 27.
1128 2471 1170 2531 br

202 2558 265 2621 quo
286 2542 417 2621 legitime
436 2543 574 2602 concludi
602 2545 698 2619 polest
724 2557 811 2622 posse
834 2541 958 2621 quidem
986 2541 1074 2600 bodie.
1097 2540 1171 2620 erigi

201 2639 368 2690 conventus
377 2628 491 2710 absquo
504 2632 541 2690 {2
550 2627 708 2704 religiosis,
719 2628 771 2690 sed
783 2635 857 2691 tuno
868 2647 928 2690 non
941 2645 1007 2688 esse
1016 2640 1173 2706 eseinptos

201 2716 436 2795 bjurisdictione
455 2716 630 2799 episcopali.
647 2715 734 2798 (Vide
746 2718 852 2791 Bouix,
864 2716 906 2778 De
921 2713 1041 2796 Regni„
1052 2721 1129 2775 tom.
1142 2715 1171 2798 l,

201 2825 233 2887 p.
255 2809 313 2868 303
330 2804 414 2888 305.)
437 2804 575 2886 Exempti
599 2812 701 2866 tamen
720 2813 791 2866 sunt
805 2851 815 2879 ,
830 2803 854 2866 si
877 2821 929 2866 sex
944 2803 1055 2864 adsint.
1074 2799 1118 2884 (S.
1138 2801 1168 2863 (¹-

201 2892 317 2976 Episc„
333 2898 371 2956 ld
386 2895 455 2954 maii
471 2897 558 2956 titt.
576 2894 609 2954 V.
627 2890 695 2954 Rro.
711 2891 759 2954 des
774 2891 826 2955 Sc.
838 2899 861 2953 t.
878 2895 927 2966 lb,
946 2911 977 2972 p.
992 2893 1062 2954 33⁴.

559 3038 744 3102 PUNCTUM
765 3039 802 3100 V.

203 3189 244 3236 Ait
257 3185 408 3241 ssomsm
422 3186 477 3233 PRO
489 3185 655 3232 Bnuc'rtos's
669 3183 838 3231 comosus
849 3181 984 3230 vincitur(
997 3179 1176 3228 nscssststb

242 3279 366 3324 instruit
382 3275 448 3323 Stttt'
470 3274 523 3320 PRO
538 3273 700 3320 unscrtons
722 3273 890 3320 cottvsttTtis
911 3271 1097 3332 {odibi-llll,
1122 3269 1178 3318 vlit.

243 3367 297 3412 ano
317 3361 557 3411 REASSUNPTIONE
576 3363 666 3410 ratscl
685 3361 863 3408 coaluimus,

244 3489 333 3549 2565.
354 3483 487 3545 bffirmnt
507 3485 672 3566 generatim
693 3485 826 3547 Ferraris
844 3503 915 3547 cum
934 3483 1002 3548 ollis
1023 3481 1180 3546 nonnullls

208 3575 250 3654 (re
271 3573 439 3636 Conventus.
458 3583 514 3634 art.
535 3578 565 3636 l.
588 3581 619 3633 n⁰
640 3577 710 3649 3lt;
733 3583 854 3634 econtra
878 3575 1058 3655 generaliter
1090 3577 1180 3652 negat

208 3661 242 3722 b.
259 3659 367 3735 Bouix,
388 3661 441 3738 qui
465 3661 638 3726 nonhabet
662 3672 696 3722 ut
719 3663 924 3726 necessarium
951 3661 1180 3744 Beneplacitum
