2528 3996
456 235 545 290 blm
565 235 683 286 mrum.
989 221 1056 285 ttt

94 338 238 402 reductive
258 339 315 404 sub
335 340 372 402 et
388 339 733 422 comprehenderentur,
762 345 870 403 statuta
892 341 958 405 baec
977 349 1058 406 certe

94 446 149 490 non
163 428 329 509 obligarent
344 428 499 510 religiosos
512 436 599 492 antea
614 428 763 510 professos
779 448 787 489 ε
803 431 873 491 cbm
889 431 1058 512 Capitulum

94 517 1059 600 nonbabeatauctoritatemreligiososobligandinisijuxtamen·

94 625 189 670 surum
203 613 341 669 votorum
357 627 366 683 ;
382 605 435 670 sed
450 606 630 694 haecstatuta
646 613 787 688 poterunt
799 607 932 690 obligare
945 611 1057 692 eosqui

94 695 124 758 in
137 704 288 777 posterum
310 701 381 758 sunt
401 695 617 778 professionem
638 696 801 758 emissuri:
823 716 876 778 per
897 696 955 761 boc
977 700 1055 762 enim

94 785 204 847 nemini
218 784 252 846 tn
270 785 397 864 injuria,
412 787 484 847 cbm
498 787 606 866 sponte
619 784 666 848 his
680 785 764 847 novis
778 787 909 865 statutis,
926 797 1056 851 recentes

95 873 215 955 professi
228 891 261 936 se
273 873 455 954 subjiciunt,
470 880 498 936 et
512 874 610 936 eaeteri
624 873 663 936 ab
676 873 721 936 eis
735 874 820 937 liberi
835 884 1004 940 remanent.

133 965 220 1026 3031.
242 963 301 1025 Res
314 963 399 1026 aliter
411 980 445 1025 se
456 961 580 1026 haberet
592 963 617 1026 si
631 963 700 1024 talia
713 967 821 1025 statuta
835 966 852 1025 b
867 965 898 1027 S.
915 965 1061 1031 Pontifice

96 1051 293 1116 conderentur
305 1071 313 1114 r
325 1051 463 1128 Qaamms
473 1053 549 1114 enim
560 1099 567 1128 ,
580 1051 712 1114 absoluti
726 1051 881 1132 loquendo,
897 1055 938 1116 ait
952 1056 1062 1119 Suarez

96 1141 149 1222 (De
164 1139 274 1224 neap,
294 1147 369 1203 lom.
386 1145 423 1220 3,
443 1139 509 1218 tib,
533 1145 585 1219 ll),
604 1160 670 1223 cap.
686 1144 719 1214 8,
737 1152 771 1202 n⁰
787 1143 852 1221 ll),
867 1141 901 1204 S.
919 1142 1062 1226 Pontifex

94 1251 149 1292 ooo
159 1231 251 1312 parsit
263 1229 393 1292 omnibus
406 1229 579 1292 christianis
589 1230 750 1312 precipere
767 1249 800 1292 ea
816 1249 882 1312 quc
898 1251 936 1294 etr
948 1253 977 1296 ce
994 1242 1063 1296 sunt
1132 1257 1134 1262 ’

94 1339 180 1402 opero
196 1321 422 1402 surercpotionis
432 1329 460 1382 et
476 1319 605 1388 consilii,
621 1329 736 1394 tomen,
753 1319 900 1401 supposito
914 1329 994 1384 statu
1003 1324 1063 1386 oli·

94 1409 374 1491 cujusrelipr'oois..,
390 1408 501 1490 poterit
516 1407 663 1468 interdum
674 1407 807 1488 aliquam
824 1407 1061 1491 observantiam,

95 1518 162 1581 quae
178 1517 237 1560 non
252 1506 295 1561 est
311 1501 341 1562 in
355 1500 420 1577 ejus
435 1497 634 1574 institutione,
649 1505 793 1571 statuere,
807 1496 835 1558 ci
839 1497 956 1577 judicet
969 1501 1014 1562 vel
1026 1502 1066 1564 orl

96 1588 270 1649 uot'versalis
284 1587 427 1650 Ecclesia>
437 1586 554 1664 benum,
565 1586 613 1648 vel
625 1585 664 1647 ed
674 1585 817 1666 majorem
826 1586 984 1649 decentiam
995 1591 1065 1651 telis

97 1677 249 1758 religionis
261 1675 399 1758 capedire
408 1682 456 1738 :et
469 1675 541 1738 illud
552 1675 638 1748 volet,
651 1694 712 1737 noo
727 1693 764 1736 ex
774 1682 918 1756 potestate
931 1675 1066 1740 domine-

96 1766 185 1828 tionis
197 1785 265 1848 quae
280 1767 333 1848 ipsi
348 1767 427 1828 inest
439 1765 539 1847 quoad
553 1783 659 1827 omnes
669 1765 834 1846 religiosos,
851 1764 903 1828 sed
918 1785 954 1828 ex
965 1775 1064 1850 potes-

95 1862 156 1919 tate
167 1855 383 1936 jurisdictionis
397 1873 546 1938 suprcmae
555 1873 647 1936 quam
658 1873 712 1936 pro
727 1854 807 1917 bono
823 1855 965 1919 Ecclesiae
977 1857 1066 1920 babet

94 1963 169 2027 erga
186 1963 293 2007 omnes
315 1943 428 2007 fideles.
453 1944 529 2006 Vide
550 1945 666 2022 Bouix,
687 1943 731 2020 De
753 1944 898 2026 Itepulcr.
923 1948 1007 2024 (tom.
1025 1951 1064 2024 l,

94 2055 127 2118 p.
144 2037 296 2114 metu).
743 2110 745 2114 Ι

137 2127 226 2188 3032.
249 2124 371 2198 Quaerit.
386 2127 419 2186 t·
439 2125 487 2186 An
507 2123 638 2205 religiosi
663 2122 788 2206 mitigati
805 2123 931 2207 obligari
952 2127 1066 2209 possint

96 2213 138 2277 ad
150 2213 393 2276 reformationem
405 2212 647 2276 observandam?

139 2305 226 2385 llesp.
251 2303 368 2384 Duplici
392 2301 482 2364 modo
510 2301 729 2382 mitigationem
751 2303 864 2384 regulae
891 2306 1066 2387 contingere

96 2412 187 2476 posse
203 2411 211 2454 τ
227 2393 358 2474 legitime
368 2399 421 2454 aut
434 2391 587 2472 illegitime
601 2411 607 2450 :
620 2391 751 2472 legitime
763 2393 886 2472 quidem
901 2394 924 2454 si
940 2395 1068 2458 liatauc·

95 2483 216 2546 toritate
230 2485 317 2564 Papae
333 2499 385 2563 per
398 2480 642 2562 derogationem,
657 2479 898 2560 abrogationem,
913 2481 1067 2562 dispensa·

95 2574 226 2650 tionem,
235 2572 281 2634 vel
291 2572 412 2634 decreto
426 2570 582 2650 ipsiusmet
591 2567 764 2649 Religionis,
779 2569 901 2650 quando
911 2587 948 2631 ex
958 2573 1068 2633 consti-

95 2661 266 2725 tutionibus
294 2660 431 2722 instituto
460 2658 604 2740 competit
632 2658 700 2720 talis
732 2659 915 2736 auctoritas,
943 2659 989 2720 rel
1016 2679 1069 2741 per

96 2749 353 2815 consuetudinem
367 2747 498 2831 legitime
508 2746 726 2830 praescriptam3
742 2745 896 2829 illegitime
909 2753 1010 2810 autem
1025 2749 1067 2826 fit,

97 2841 124 2903 si
140 2838 327 2904 consuetudo
346 2857 409 2901 non
423 2837 531 2900 babeat
542 2835 731 2900 conditiones
745 2836 922 2918 requisitas,
938 2857 966 2899 v.
981 2859 1029 2919 g,
1045 2839 1067 2902 si

98 2949 164 2993 non
179 2931 217 2993 sit
230 2928 422 3013 prescripta,
442 2927 488 2990 vel
502 2925 527 2989 si
540 2925 578 2988 sit
591 2925 623 2987 in
644 2927 769 2988 materia
783 2925 814 2986 in
828 2929 889 3007 qua
907 2944 969 2989 non
982 2927 1068 2991 datur

96 3021 303 3106 praescriptic,
326 3017 424 3100 qualis
443 3021 488 3079 est
509 3015 633 3078 materia
655 3015 720 3097 ipsa
741 3021 879 3078 votorum
900 3034 907 3076 :
929 3015 1070 3098 obligatio

97 3113 187 3175 enim
200 3119 338 3172 votorum
352 3105 478 3186 estjuris
485 3104 589 3180 divini,
599 3111 704 3166 contra
715 3104 797 3186 quod
808 3123 869 3167 non
883 3105 970 3167 datur
984 3126 1072 3187 praes-

97 3200 230 3284 criptio,
245 3206 302 3262 etc.
324 3196 411 3260 Nulla
430 3200 527 3276 potest
544 3211 610 3256 esse
624 3193 781 3255 difficultas
796 3213 850 3276 pro
871 3195 924 3255 istil
939 3196 1070 3255 seeundo

96 3289 272 3373 hypothesi,
284 3288 382 3370 inqut
394 3283 550 3346 manifeste
560 3283 708 3366 reliogiosi
719 3290 859 3345 tenentur
874 3283 1006 3362 regulam
1021 3284 1072 3343 ob-

97 3398 222 3445 servare
235 3377 404 3442 secundum
426 3375 604 3452 primitivum
619 3390 704 3435 suam
722 3373 956 3447 ordinationem
973 3371 1072 3453 quoad

97 3471 176 3534 verb
191 3470 320 3551 primam
335 3487 343 3528 ι
363 3489 379 3526 u
392 3463 626 3527 Auctoresvarie
639 3461 672 3523 in
685 3461 900 3532 hersendem,
915 3459 955 3522 ait
964 3461 1072 3522 Suarez

97 3581 117 3623 n
145 3560 201 3638 (De
222 3559 336 3640 Belip,
355 3563 430 3618 tom.
452 3557 492 3630 3,
517 3553 569 3616 lib.
590 3555 649 3630 to,
664 3571 730 3634 cap.
751 3555 788 3628 8,
809 3560 841 3613 n⁰
866 3552 934 3630 l5l3
950 3551 1072 3634 quidum

98 3673 116 3712 ι
147 3657 300 3730 asserunt,
317 3647 406 3710 etiam
421 3663 482 3708 non
496 3641 574 3710 raca
585 3640 744 3706 universali
760 3639 983 3718 reformatione,
999 3639 1072 3702 obli-
