2534 3996
472 303 558 350 arasa
579 255 697 355 narnus.
1009 292 1070 356 33³

40 484 48 492 ³
103 403 312 528 prescribitur.
328 401 403 467 Vide
416 409 517 466 tamen
532 403 664 466 Ferraria
686 403 725 488 (vt
741 406 945 484 Canonicotus,
960 411 1015 468 art.
1031 410 1067 482 2,

104 498 310 645 niddcdddnte
333 581 468 664 Capituio
488 582 719 647 installationem
742 583 839 648 tacere
862 587 947 647 more
969 585 1068 656 solito,

104 680 203 754 posset
238 673 373 754 provisus
405 675 624 754 possessionem
655 692 763 753 capere
796 672 936 736 ducendo
969 692 1072 736 secum

103 761 179 823 duos
192 768 282 825 testes
300 767 331 824 et
352 762 504 823 notarium
515 762 565 843 qui
581 763 816 826 instrumentum
829 761 985 846 publicum
999 780 1073 825 con-

104 849 216 914 ticeret.
234 842 340 928 Boua,
355 849 400 912 de
414 848 576 932 Capitulis,
593 871 623 934 p.
640 855 710 930 209,
725 857 783 914 etc.

513 1028 594 1091 ant.
625 1029 659 1094 n.

105 1152 124 1198 Α
144 1148 203 1204 QUO
224 1149 269 1198 stt
292 1149 456 1196 cantantum
483 1150 537 1196 stu
567 1151 605 1196 ou
631 1150 792 1198 notassem
819 1152 1017 1200 utnnntctws
1040 1155 1075 1200 tut

239 1250 264 1266 ›·
291 1230 462 1276 uttttttrxrus
484 1231 621 1278 autunum
647 1232 681 1276 ΕΤ
701 1232 894 1279 CONFERENDI.

146 1374 235 1432 2263.
248 1371 314 1432 Duo
324 1371 489 1451 praesertim
504 1372 554 1434 hic
567 1377 637 1434 sunt
651 1371 847 1452 expendenda
863 1393 871 1434 :
889 1378 919 1434 t⁰
936 1392 1076 1454 quaenam

106 1465 235 1542 potestas
248 1459 340 1521 anteat
354 1459 470 1540 erigere
484 1461 653 1541 Capitulum
668 1461 840 1523 Cathedrate
854 1469 883 1524 et
898 1462 1075 1543 Cottegiate;

107 1555 140 1612 2⁰
156 1551 178 1609 Α
194 1568 256 1630 quo
270 1548 364 1610 creari
387 1555 417 1610 et
436 1549 565 1611 conferri
581 1551 695 1630 possint
715 1549 914 1612 Canonicatus
931 1559 961 1612 et
975 1551 1077 1631 Digni-

106 1643 192 1716 tates,
207 1646 259 1700 aut
271 1637 329 1700 alia
341 1637 439 1702 officia
452 1637 491 1701 ad
504 1639 637 1721 Capituta
648 1637 837 1720 pertinentia.

560 1771 628 1853 §a

208 1891 347 1976 Adquem
353 1893 504 1976 pertineat
518 1893 630 1974 eripere
639 1892 664 1955 C
663 1891 778 1974 epitola
789 1891 980 1958 Cotdedruliu

478 1991 508 2046 et
522 1981 712 2064 Collepialiu.

150 2113 239 2173 aaut.
255 2093 445 2191 'Supponitur
455 2112 488 2171 ut
507 2109 634 2170 omnind
651 2115 783 2184 eertum,
799 2109 837 2171 ad
855 2109 953 2171 sotum
968 2110 1080 2191 Papam

107 2201 261 2283 'pertinere
275 2199 458 2260 erectionem
478 2199 680 2260 Ecclesiarum
704 2197 735 2259 in
750 2197 956 2277 cathedrales,
970 2200 1080 2262 Metro·

110 2289 274 2372 politanas,
292 2295 349 2349 etc.
365 2286 441 2348 Vide
455 2285 533 2359 dicta
544 2305 633 2368 supra
647 2289 738 2365 (335).

125 2428 132 2451 ¹
153 2379 264 2440 Pariter
279 2377 439 2440 unanimes
451 2393 516 2438 esse
530 2375 668 2438 videntur
678 2435 683 2440 .
693 2375 862 2438 Canonistae
875 2375 907 2438 in
921 2379 1082 2440 asserendo

110 2467 245 2548 Capituta
259 2471 267 2522 t
272 2465 443 2528 athadratia
456 2467 473 2526 d
485 2464 550 2528 solo
567 2467 647 2546 Papa
660 2481 726 2526 esse
746 2463 900 2546 erigenda.
918 2465 991 2527 Vide
1004 2467 1083 2529 dicta

110 2575 146 2619 su
172 2575 202 2618 ra
219 2559 309 2634 2335).

132 2575 241 2706 dadai.
258 2643 361 2718 Quoad
380 2643 567 2726 Coitegiatia,
582 2662 618 2706 ex
632 2642 762 2705 textibus
773 2641 850 2722 juris
866 2641 1002 2705 canonici
1017 2661 1084 2724 pro·

111 2734 175 2796 bari
202 2737 303 2815 nequit
330 2733 366 2795 ad
388 2734 409 2796 S
443 2732 619 2795 Pontificem
641 2731 783 2793 reservari
806 2733 939 2812 rigorose
963 2731 1083 2794 illorum

111 2826 313 2901 creationem
329 2821 410 2885 unde
423 2829 536 2885 ueteres
547 2821 716 2884 Canonistae
727 2821 758 2881 in
768 2817 843 2882 duas
852 2819 953 2883 abiere
963 2829 1083 2884 senten·

95 2908 169 2994 “tias
199 2909 278 2974 circa
305 2913 383 2974 hanc
409 2913 608 2993 quaestionem
629 2908 714 2987 (Vide
738 2909 874 2971 Proeiect.
897 2910 930 2971 S.
956 2909 1082 2992 Salpia,

113 3013 148 3063 n⁸
175 3002 259 3081 322).
284 3001 379 3064 ttodie
404 3006 507 3062 tamen
529 2998 660 3062 tenenda
684 2998 801 3061 videtur
826 3000 973 3061 sententia
1002 3001 1085 3062 affir-

113 3108 217 3166 mans3
243 3093 313 3170 quia
333 3099 415 3152 certa
430 3107 512 3152 nune
525 3096 570 3152 est
583 3094 614 3150 et
630 3095 771 3150 constans
791 3089 891 3169 praxis
913 3088 1084 3169 hujusmodi

112 3181 316 3242 erectionesit
340 3181 419 3260 Papa
436 3178 581 3241 duntaxat
595 3177 707 3259 peragi.
733 3179 765 3238 ln
785 3176 843 3239 hoc
862 3195 953 3240 sensu
974 3179 1086 3257 pturios

114 3269 305 3349 respondisse
322 3270 444 3330 Sacram
459 3269 636 3349 congregat.
653 3266 776 3328 Concitii
795 3265 883 3328 refert
897 3265 984 3328 Card.
1003 3270 1087 3330 Petra

114 3363 148 3434 tt.
164 3361 192 3428 3,
216 3377 246 3439 p.
263 3361 314 3432 69,
334 3361 369 3418 n⁰
389 3361 448 3434 tn,
464 3364 495 3419 ct
514 3357 693 3438 specialiter,
709 3361 720 3416 t
741 3361 817 3436 sept.
844 3359 932 3428 taut,
949 3355 980 3416 in
997 3357 1086 3419 Cata-

115 3447 197 3509 neusi
208 3495 216 3521 ,
232 3447 282 3508 ubi
305 3447 457 3528 proposito
478 3445 571 3508 dubio
593 3467 608 3504 a
628 3463 666 3507 an
688 3445 800 3506 erectio
822 3443 991 3524 collegiatae
1013 3445 1088 3508 facta

115 3557 132 3597 a
157 3556 210 3618 per
226 3537 419 3619 Episcopum,
446 3536 477 3596 in
495 3544 563 3598 actu
581 3535 756 3596 visitationis
778 3533 809 3594 in
833 3533 959 3594 ecclesia
976 3533 1007 3594 S.
1026 3539 1087 3594 An-

116 3647 132 3686 o
155 3625 229 3688 tonii
245 3625 353 3707 Oppidi
371 3625 402 3687 S.
419 3623 546 3706 Philippi
560 3624 598 3687 de
622 3623 962 3704 Argyr0‚.sustineretur
973 3643 1008 3697 ‚n
1026 3639 1088 3682 res·

118 3714 240 3794 pandit:
256 3711 412 3802 depastae
424 3712 567 3774 ltebntius
580 3711 677 3788 (tituto
687 3708 722 3770 de
735 3716 822 3771 creet.
836 3708 871 3768 ia
886 3705 1016 3786 Cottep.)
1030 3713 1088 3766 tea·t

939 3803 991 3866 w
