2550 3992
433 331 519 379 uam
540 331 697 380 sccundus.
989 309 1046 377 ott

75 433 178 494 tnnoc.
194 427 320 494 illdicat
330 449 382 493 eos
393 451 453 493 non
464 431 565 494 deberi
578 435 594 494 a
609 432 803 495 matrimonio
815 431 920 513 repelli
934 433 958 496 si
973 451 1046 496 con·

76 521 191 584 trahere
206 517 298 583 uelint
309 538 320 589 ,·
333 528 463 582 attamen
479 521 616 582 Pontifex
632 522 774 603 supponit
790 539 844 584 seu
862 521 953 604 exigit
967 521 1048 602 quld

74 609 166 670 uelint
180 610 367 685 contralrere3
384 609 466 691 atqui
482 609 512 670 in
527 609 600 682 hoc,
611 609 699 672 hodie
715 611 898 691 praesertim,
914 619 956 674 est
971 611 1049 673 ‹litli-

74 698 189 760 cultas:
205 699 275 760 clun
291 706 323 760 ut
334 699 396 776 jam
411 697 562 774 diximus,
576 697 677 761 multis
691 699 903 779 experimentis
917 700 1051 764 rideatur

74 797 213 850 constare
234 785 307 848 tales
325 786 432 849 surdos
454 793 483 848 et
506 795 617 864 mutos,
632 807 688 848 ιιοιι
710 787 838 863 edoctos,
865 789 1051 852 voluntatem

77 875 222 936 moralem
238 875 427 948 nonhabere,
438 874 557 937 delectu
571 876 779 957 cognitionum
791 875 967 940 moralium:
981 896 1051 940 con·

77 969 188 1026 tractus
206 972 308 1025 autern
324 963 504 1026 Matrimonii
522 969 569 1026 est
592 973 677 1026 actus
694 964 848 1027 humanus
862 972 893 1028 et
910 967 1048 1042 moralis,

77 1069 131 1132 pro
145 1070 206 1132 quo
216 1051 377 1132 requiritur
387 1070 456 1114 vera
468 1051 601 1114 humana
614 1053 762 1115 voluntas.
775 1053 851 1115 vida
865 1055 901 1115 D.
916 1056 1052 1117 Carriere

75 1139 135 1213 (De
151 1142 300 1212 tratrim„
318 1151 350 1201 n⁰
360 1145 442 1212 827),
457 1142 508 1221 qui
524 1141 605 1203 addit
614 1147 715 1202 buren
733 1159 793 1204 non
807 1159 915 1204 omnes
926 1161 1053 1205 consen·

76 1230 133 1291 tire
151 1229 364 1292 assertionibus
379 1232 414 1290 D
432 1231 614 1310 blontaigne.
625 1263 666 1276 -
679 1229 830 1310 Quidquid
845 1231 883 1292 sit
902 1231 941 1293 de
954 1231 1053 1294 Matri·

76 1319 200 1395 menie,
216 1318 394 1381 punitentia
408 1325 438 1380 et
451 1321 604 1380 Extrema·
607 1319 731 1395 Uncti0‚
748 1318 867 1380 nonnisi
881 1320 938 1381 sub
952 1321 1054 1384 condi·

76 1407 178 1482 tione‚
193 1407 290 1468 surdis
304 1416 331 1469 el
348 1408 438 1470 mulis
453 1424 514 1467 non
528 1405 722 1470 edoctissunl
735 1406 989 1471 administranda.

117 1455 207 1558 3212.
224 1495 346 1568 Oderit.
361 1498 393 1557 3ο
409 1487 456 1558 bn
470 1479 556 1560 liceat
572 1504 671 1577 petere
684 1490 870 1604 sacramente
884 1499 902 1556 tt
916 1498 1054 1618 ministro

78 1583 141 1646 indi
167 1585 229 1648 no?
343 1597 354 1602 ““

120 1605 210 1754 Βιιερ.
227 1673 282 1736 Vel
303 1672 439 1735 minister
458 1677 505 1735 est
522 1671 665 1753 indignus
684 1641 808 1754 propter
822 1673 983 1736 censuram
1004 1679 1055 1736 aut

79 1762 340 1844 irregularitatem,
357 1762 402 1824 vel
418 1767 539 1843 propter
553 1767 709 1842 peccatum
725 1762 903 1824 mortale.-

122 1856 153 1914 l⁰
168 1851 198 1912 Si
213 1859 333 1933 propter
347 1868 506 1912 censuram
517 1857 567 1912 aut
582 1849 848 1931 irregularitatem.
864 1851 910 1914 vel
920 1785 970 1914 illa
984 1853 1059 1915 ce'nl

80 1958 153 2002 sura
173 1949 224 2002 aut
253 1939 455 2021 irregularitas
477 1946 521 2002 cst
542 1937 738 2014 denuntiata,
758 1944 788 2000 el
807 1947 881 2004 tunc
903 1959 964 2002 non
990 1941 1058 2004 licet

80 2037 269 2092 sacramenta
294 2030 312 2090 b
334 2029 383 2090 tali
413 2027 550 2089 ministro
572 2035 690 2108 petere,
713 2025 769 2089 nisi
800 2027 831 2090 in
855 2033 989 2092 extrema
1011 2031 1056 2093 rel

82 2117 256 2199 gravissime
280 2117 472 2178 necessitate.
488 2115 518 2176 in
533 2119 593 2197 qud
611 2135 718 2178 omnes
736 2116 840 2180 dicunt
859 2117 973 2182 licitum
992 2137 1057 2182 csse
1110 2165 1114 2172 -

82 2207 283 2288 suscipere
252 2206 435 2288 Baptismurn
454 2211 484 2267 et
502 2197 727 2268 poenitentiam·
721 2206 846 2287 ‚plures
863 2206 943 2268 idern
954 2213 1059 2270 tenent

82 2295 278 2377 probabiliter
291 2295 328 2356 de
344 2294 543 2372 Eucherium,
559 2294 681 2356 elidem
702 2294 740 2356 de
759 2297 910 2358 Extremo·
913 2298 1059 2360 tlnctionc

89 2383 208 2465 quando
223 2385 362 2446 inlirmus
378 2401 439 2444 non
453 2389 550 2464 potest
563 2383 647 2444 aliud
660 2383 890 2446 Sacramentum
904 2387 1056 2466 recipere,

85 2471 235 2556 quidquid
250 2475 287 2534 sit
301 2472 338 2534 dc
349 2472 415 2534 aliis
428 2471 558 2533 casibus.

126 2559 1060 2639 32t3.«PariterdicuntSuar.etcornejo...licitumessereci·

84 2673 102 2709 ι
127 2668 198 2732 pere
225 2667 344 2712 sacrum
371 2648 515 2711 Ordinem
541 2647 579 2711 ab
606 2648 755 2730 Episcopo
780 2647 1059 2726 excommunicato,

86 2763 103 2798 ι
128 2738 251 2820 quando
266 2739 295 2800 in
310 2739 408 2820 aliqua
419 2737 572 2820 provincie
585 2743 700 2799 remote
714 2737 764 2800 ille
777 2738 858 2800 solus
865 2737 1020 2813 existeret,
1031 2743 1063 2801 et
1079 2811 1082 2821 Ι

85 2851 103 2888 ι
128 2828 196 2890 talis
208 2826 356 2890 ordinatio
366 2825 547 2888 redundaret
559 2826 589 2887 in
600 2825 716 2888 bonum
726 2827 960 2889 communitatis.
978 2825 1061 2889 ldem

86 2939 104 2977 ι
128 2914 1062 2997 dicunt...deSacramentoblatrimonii‚casuquoessetneces·

87 3027 104 3067 ι
129 3007 240 3067 sarium
252 3004 288 3066 ad
299 3005 425 3067 salutem
435 3003 619 3086 spiritualem
632 3004 799 3078 morientis,
814 3003 905 3066 vetad
920 3022 1061 3088 magnam

87 3117 105 3153 ιι
129 3093 288 3156 utilitatem
303 3093 501 3176 temporalem
514 3091 664 3170 liliorum,
675 3092 820 3156 necetius
829 3092 947 3156 adesset
960 3094 1063 3156 minis·

90 3190 145 3245 ter.
163 3205 178 3242 ι
193 3186 234 3244 lta
249 3183 280 3245 S.
296 3182 418 3264 Lignor.
430 3181 492 3260 (lib.
504 3184 535 3262 6,
549 3191 582 3244 o·
596 3185 657 3260 88).

131 3273 220 3334 ΒΜ.
236 3273 290 3333 Vel
309 3289 438 3334 censura
452 3277 505 3334 aut
522 3270 725 3354 irregularitas
738 3289 799 3334 non
813 3284 858 3334 est
871 3269 1060 3344 denuntiata,

89 3359 144 3423 sed
159 3369 203 3422 est
216 3360 339 3422 tolerata
349 3407 357 3436 ‚
368 3369 398 3421 et
407 3369 480 3422 tunc
494 3363 593 3422 verius
606 3367 652 3422 est
665 3360 746 3443 quod
760 3361 847 3423 liceat
859 3369 959 3442 petere
968 3375 1064 3420 sacra·

91 3457 195 3512 menta
209 3450 289 3524 itali
305 3449 441 3512 ministro
455 3449 579 3512 tolerato
589 3449 686 3526 (ibid.)

115 3541 223 3601 dito.
235 3573 274 3584 -
287 3541 319 3600 2⁰
338 3539 368 3600 Si
389 3538 524 3600 minister
543 3539 582 3600 sit
605 3538 747 3618 indignus
766 3542 890 3620 propter
907 3542 1064 3620 peccatum

91 3629 242 3702 mortale,
260 3627 396 3689 illicitum
414 3635 459 3690 est
475 3636 574 3707 petere
588 3628 626 3689 ab
646 3646 682 3692 eo
703 3635 889 3690 sacramenta
903 3628 967 3688 sine
986 3629 1066 3706 justll
1126 3649 1129 3656 ·

94 3721 201 3782 rana:
214 3717 284 3799 quia
298 3715 381 3779 adest
391 3717 422 3778 in
432 3717 490 3781 lroc
497 3717 669 3795 cooperatio
680 3718 782 3780 illicita
792 3726 918 3792 peccato
932 3718 1065 3797 alterius,

216 3841 295 3894 mu.
602 3869 612 3874 -
905 3829 943 3894 tc
