2534 3996
246 221 304 283 3⁶22
462 241 603 289 uernam
621 241 726 290 rorius
749 242 831 290 ruais
851 243 999 291 canonici.

244 351 1206 431 CongregatioconeiliihanefacultatemelargiturCanoniris

243 459 281 504 ae
295 441 502 515 beneficiatis,
525 443 590 520 qui,
609 451 641 504 ut
663 461 762 520 supra
785 443 901 504 dietum
919 449 979 515 est,
994 461 1051 520 per
1066 447 1104 504 ro
1117 463 1208 504 annos

244 530 367 592 assidue
382 536 414 591 et
439 530 646 593 laudabiliter
668 549 800 593 munere
816 548 873 593 suo
889 530 1050 608 perfuncti
1067 531 1207 601 luerunt,

243 622 394 694 attamen,
409 619 452 680 ait
462 618 547 680 idem
559 620 755 681 clarissimus
765 619 926 693 Pontifex,
940 619 1209 681 sidirinuseultus
1240 635 1241 692 Τ

243 707 363 786 aliquid
382 707 564 770 detrimenti
589 713 763 788 pateretur,
788 709 828 768 ab
853 707 1009 788 Episcopo
1031 707 1210 784 hujusmodi

242 795 373 858 dubitati
386 796 528 858 revocari
540 801 678 875 possunt
691 802 727 858 ut
737 796 834 858 choro
848 793 1015 858 intersint.

281 880 369 954 Quod
391 889 492 943 eutem
515 880 624 944 dieitur
644 883 682 945 de
702 884 883 961 Canonieis,
903 885 1048 968 applicari
1069 887 1207 966 potestat
1241 894 1242 962 t

243 968 451 1032 beneficiariis.
467 970 504 1030 lt.
517 970 622 1045 Bouix,
640 971 685 1034 De
695 970 857 1054 Capitulis,
873 991 904 1056 p.
922 977 979 1036 159
992 980 1024 1036 et
1036 977 1107 1040 160.

624 1119 778 1180 PUNCTUM
796 1122 838 1179 tt.

243 1247 279 1292 nn
300 1248 340 1295 us
359 1248 410 1301 our
437 1247 495 1296 uun
521 1249 595 1296 suur
616 1232 737 1296 rnornit
758 1250 796 1294 nu
817 1250 958 1298 cararum
983 1251 1048 1297 ursi
1071 1251 1115 1298 an
1133 1248 1209 1294 innan

520 1329 711 1382 enranoouru
733 1331 930 1377 enarrantur.
1242 1365 1243 1376 ,

281 1437 372 1498 2233.
383 1435 446 1498 Etsi
458 1435 526 1517 iure
537 1435 703 1518 Dignitates
718 1456 779 1498 non
795 1437 856 1498 sint
868 1436 906 1498 de
921 1435 1055 1518 Capitulo
1065 1485 1073 1511 ,
1085 1442 1209 1499 attamen

244 1523 282 1586 de
296 1522 374 1586 lacto
392 1523 455 1588 lere
474 1524 587 1606 ubique
606 1523 644 1587 ad
662 1526 728 1605 ejus
746 1527 896 1608 gremium
917 1525 1086 1608 pertinent,
1104 1533 1138 1587 ut
1154 1526 1210 1604 jani

242 1610 374 1676 diximus
399 1615 487 1692 (etta
503 1621 532 1676 et
549 1615 659 1694 2l76);
682 1614 735 1676 sed
756 1622 825 1676 sunt
843 1613 892 1677 alii
914 1614 965 1694 qui
988 1631 1146 1695 nunquam
1167 1619 1212 1674 aut
1243 1626 1244 1712 p

242 1701 347 1764 saltem
360 1703 511 1764 rarissime
525 1702 563 1764 ad
576 1721 687 1782 eorpus
700 1702 825 1784 Capituli
842 1703 1007 1785 pertinent,
1023 1702 1093 1765 lieet
1104 1701 1143 1764 ab
1152 1701 1210 1783 ipso
1243 1713 1244 1762 t

242 1789 330 1852 variis
340 1789 438 1852 modis
451 1791 613 1872 pendeant.
628 1791 715 1854 Tales
725 1797 796 1853 sunt
809 1790 1009 1868 beneficiarii,
1022 1789 1211 1872 Coadjutores

243 1885 271 1940 et
295 1877 397 1960 plures
420 1879 561 1942 Canonici
585 1881 861 1962 supranumerarii,
884 1881 1049 1962 praesertim
1071 1877 1209 1942 Canoniu'

242 1965 421 2028 adhaereres.
434 1969 527 2029 -De
541 1969 577 2030 iis
590 1969 732 2032 omnibus
747 1969 874 2031 breviter
888 1968 938 2031 hle
950 1975 994 2030 est
1008 1968 1209 2049 loquendum

242 2054 331 2136 pauld
352 2062 453 2118 tamen
471 2055 567 2120 insilis
593 2057 631 2119 de
652 2058 811 2120 Canoniois
824 2057 865 2120 ud
885 2057 1003 2120 eineres
1024 2057 1076 2139 qui
1097 2057 1138 2119 ad
1157 2073 1210 2118 ma·

243 2160 337 2222 gnum
356 2161 518 2208 numerum
536 2145 625 2209 hodie
646 2147 728 2228 apud
749 2165 806 2209 nos
820 2151 1027 2210 excreverunt.

587 2291 625 2335 DE
644 2289 872 2337 nummulamis.

280 2404 370 2464 aest.
384 2401 583 2480 Beneficiarii,
594 2401 730 2484 quamvis
744 2421 806 2464 non
817 2401 876 2464 sint
885 2402 1007 2484 proprie
1014 2401 1053 2465 de
1067 2403 1210 2485 capitulo,

242 2496 312 2554 aunt
329 2496 432 2553 tamen
445 2490 598 2572 quoddam
616 2491 695 2553 illius
708 2491 967 2572 complementum
980 2497 1010 2554 et
1026 2491 1065 2554 ad
1077 2491 1212 2575 splendo

242 2595 307 2642 rem
322 2579 421 2642 cultus
433 2578 525 2641 divini
541 2579 671 2642 multtum
685 2579 855 2642 conferunt.

281 2669 379 2731 Variis
391 2667 565 2731 nominibus
574 2667 784 2750 designantur:
796 2669 916 2748 Assi'sii,
931 2668 1022 2740 idest,
1032 2669 1157 2732 assidui
1163 2688 1210 2731 seu

241 2757 446 2828 Manaioaarii,
461 2757 532 2837 quia
541 2757 659 2820 assidue
667 2757 698 2818 in
708 2757 814 2819 eedem
824 2757 950 2820 ecclesia
959 2765 1100 2820 tenentur
1107 2775 1211 2822 canere

242 2845 272 2908 in
291 2846 383 2908 choro
403 2853 433 2908 et
454 2846 538 2908 obire
558 2845 658 2908 divina
678 2845 785 2909 ollieia.
806 2845 1037 2908 Hebdomadarii
1056 2847 1102 2909 vel
1126 2849 1209 2910 etiam

242 2931 400 3005 Clrorr'stoe,
423 2935 493 3017 quia
507 2953 560 3017 per
574 2934 794 2997 hebdomadam
808 2943 920 2997 canunt
934 2955 941 2997 ι
958 2935 1161 3011 Pertinanrii,
1178 2935 1211 2996 ed

241 3021 323 3103 qudd
345 3041 406 3086 non
431 3025 579 3107 integram
602 3023 796 3106 praebendam
818 3023 949 3103 habent,
971 3023 1023 3087 sed
1045 3025 1209 3106 portionem

242 3111 398 3176 duntaxat.

282 3205 372 3264 2235.
388 3203 433 3264 Ad
446 3202 637 3265 residentiam
652 3209 682 3266 et
694 3203 894 3266 assistentiam
908 3203 940 3264 in
954 3202 1048 3266 choro
1057 3209 1087 3266 et
1096 3201 1209 3266 divino-

242 3309 310 3353 rum
325 3291 493 3354 offieiorum
512 3311 574 3354 non
589 3293 690 3354 minus
703 3292 741 3354 de
754 3294 821 3372 jure
834 3293 989 3356 cummuni
1008 3293 1210 3374 astringuntur

243 3384 333 3460 quam
355 3381 475 3462 ipsimet
496 3381 656 3442 Canonici:
672 3399 778 3444 vocem
795 3387 898 3444 tamen
912 3399 974 3443 non
988 3381 1099 3444 habent
1112 3381 1144 3444 in
1164 3382 1210 3442 Oe·

242 3469 347 3548 pitulo.
440 3533 442 3536 ,
947 3467 949 3472 ’

283 3553 335 3616 tus
349 3554 462 3617 habent
475 3558 632 3620 assistendi
647 3557 806 3620 redditioni
820 3555 990 3620 reddituum
998 3559 1210 3621 beneficiorum

243 3641 281 3704 ad
294 3641 430 3723 ipsorum
444 3662 532 3708 usum
546 3643 794 3720 deservientium,
815 3663 884 3720 uuae
902 3644 1038 3710 iacienda
1049 3655 1094 3710 est
1111 3663 1209 3710 eoram
