2522 3996
191 264 228 326 48
409 282 547 328 urnulas
567 283 668 330 rorrus
687 283 769 329 runis
790 283 936 328 canorum.

193 399 208 436 u
228 379 285 442 Les
301 379 437 460 Evdques
451 379 623 462 redigeront
636 381 680 443 les
693 382 805 464 projels
817 380 855 444 de
871 380 1038 462 reglemem
1051 381 1164 446 relatiis

189 489 203 526 n
227 487 286 530 aux
300 469 448 531 oblations
462 489 521 550 que
535 470 578 532 les
587 471 739 532 ministres
752 470 795 532 du
809 470 887 534 culte
901 477 1004 532 seront
1017 472 1164 534 autorise's

188 577 202 614 a
227 559 392 620 arecovoir
414 577 491 640 pour
518 558 778 620 l’administration
804 558 858 620 des
880 567 1075 622 sacrements.
1106 562 1162 623 Les

188 669 202 704 n
228 647 339 727 projets
352 646 390 708 de
408 647 577 728 replement
594 647 710 728 rediges
731 666 784 729 par
798 647 841 709 les
863 648 999 728 Eveques
1019 667 1056 710 ne
1072 668 1163 730 pour-

186 755 202 794 n
227 742 295 810 ront
308 739 371 797 atre
385 735 513 818 publids,
524 737 556 798 ni
569 743 738 798 autrement
752 737 809 798 mis
823 738 841 798 a
855 737 1013 799 exe'cution
1023 739 1163 820 qu'aprbs

186 845 202 882 a
226 824 308 887 avoir
332 825 380 886 ete'
401 826 568 905 approuves
590 843 643 906 par
667 825 695 886 le
718 831 996 906 gourernement.n
1023 828 1097 905 (Art.
1122 831 1163 892 00

187 913 274 994 Legis
287 913 465 994 organicae.)

225 1001 313 1064 Unde
327 1001 494 1064 oblationes
512 1021 581 1082 quae
595 1021 658 1065 non
673 1005 780 1066 sunta
797 1002 950 1066 Gubernio
971 1003 1160 1085 approbatae,

187 1092 219 1151 in
235 1089 300 1152 foro
314 1090 447 1152 saeculari
470 1089 552 1172 apud
573 1109 629 1153 nos
644 1093 722 1172 exigi
740 1098 907 1172 nequeunt.
931 1092 989 1153 Sed
1012 1094 1082 1155 cbm
1096 1093 1163 1156 haec

44 1185 46 1188 ’
108 1221 110 1224 -
187 1177 246 1239 sint
260 1179 342 1240 certb
357 1179 396 1240 de
416 1180 618 1260 competentia
632 1180 840 1242 ecclesiasticae
858 1181 1028 1260 potestatis,
1045 1189 1162 1244 certum

186 1273 231 1328 est
252 1273 357 1330 statuta
381 1269 539 1349 Episcopi,
559 1268 648 1329 ctiam
663 1277 822 1350 antequam
847 1268 1036 1331 'aGubernio
1049 1289 1163 1353 appro-

185 1355 305 1428 bentur,
329 1356 390 1418 imb
412 1357 528 1418 etiamsi
550 1357 712 1418 abeodem
736 1358 947 1436 rejicerentur,
965 1357 1085 1439 plenam
1099 1361 1161 1422 vim

185 1443 295 1506 babere
309 1464 365 1526 pro
384 1445 578 1508 conscientia.
594 1445 670 1508 Vide
686 1447 797 1519 Bouix,
823 1445 868 1507 De
884 1445 1024 1522 Purocdo,
1042 1468 1071 1528 p.
1088 1451 1158 1511 480.

226 1533 384 1604 Quomodo
407 1539 508 1596 autem
535 1535 704 1596 obtineatur
731 1535 874 1597 Gubernii
907 1535 1082 1616 approbatio
1104 1557 1161 1619 pro

187 1621 287 1702 toriffd
306 1622 509 1701 oblationum,
533 1623 600 1685 vide
614 1624 827 1705 explicatuma
848 1625 910 1690 ub.
928 1623 1028 1696 Adra,
1044 1625 1161 1709 Abre'pe'

186 1710 219 1772 de
228 1710 489 1773 l'udminz'strotr'on
503 1721 624 1794 tempor.
638 1712 686 1773 des
696 1713 838 1794 paruisses
852 1715 892 1793 (p.
903 1715 1016 1794 97-99).

227 1800 304 1862 ll'otc
318 1802 399 1881 qubd
409 1819 444 1862 ex
459 1801 525 1882 lege
540 1806 577 1863 25
593 1802 663 1862 maii
680 1805 772 1878 1838,
788 1809 843 1862 art.
861 1805 894 1862 l:
916 1824 931 1858 n
945 1803 1006 1865 'Les
1019 1803 1107 1882 Juges
1121 1803 1160 1865 do

185 1911 199 1948 o
221 1889 291 1969 paix
305 1889 498 1951 connaissent
511 1889 549 1950 de
563 1897 661 1951 toules
674 1889 789 1951 actions
803 1890 1008 1972 personnelles
1021 1897 1052 1952 et
1064 1891 1161 1952 mobi-

184 1999 199 2034 ι)
225 1977 312 2038 libres
326 1995 363 2039 en
378 1977 496 2039 dernier
506 1986 613 2039 ressort
621 1980 739 2060 jusqu’rt
755 1979 783 2040 la
798 1978 898 2041 valeur
911 1978 949 2040 de
966 1979 1082 2058 100qu
1098 1984 1159 2043 eta

184 2087 199 2124 o
223 2064 333 2147 charge
347 2065 466 2147 d’appel
476 2066 596 2148 jusqu’a
612 2067 640 2128 la
653 2067 753 2129 raleur
767 2067 805 2130 de
819 2071 878 2130 aba
892 2067 930 2130 lr.
952 2089 969 2128 a

565 2245 719 2304 PUNCTUM
735 2247 776 2302 lt.

368 2379 405 2426 ns
425 2381 498 2427 runs
519 2381 644 2428 rlaoonr
665 2381 759 2434 oucrn
780 2382 960 2430 runcatur.

222 2521 311 2581 1392.
327 2521 382 2581 lus
395 2518 469 2580 illud
485 2519 542 2580 tria
561 2519 770 2600 complectitur
786 2540 793 2580 :
812 2525 842 2582 l⁰
853 2521 903 2599 jus
922 2522 1105 2602 sepeliendi3
1121 2529 1157 2586 2·

180 2607 229 2685 jus
248 2607 404 2670 funeribus
425 2607 660 2684 interveniendi;
685 2611 717 2669 3⁰
727 2611 778 2687 jus
792 2610 997 2671 emolumenta
1012 2629 1047 2672 ex
1065 2611 1148 2674 lune

181 2695 263 2758 ribus
277 2696 481 2778 provenientia
497 2697 692 2779 percipiendi.

200 2784 469 2868 decoquendi
478 2805 485 2845 ε
495 2785 759 2867 Exceptisccsibus
768 2787 938 2865 quibusdum
948 2787 966 2848 ἁ
973 2787 1047 2867 jare
1057 2787 1147 2850 delen

180 2873 303 2935 minatis
312 2875 362 2953 ius
376 2873 540 2956 sepeliendi
555 2874 769 2956 parochianos,
787 2875 914 2954 pertinet
923 2875 960 2936 ad
974 2877 1153 2957 parochum.

180 2960 213 3023 ld
225 2969 341 3024 constat
354 2982 390 3024 ex
404 2981 469 3044 cap.
486 2963 542 3025 Ea·
550 2972 649 3045 porte,
663 2963 697 3024 de
707 2963 869 3045 sepulturd,
881 2969 910 3024 et
923 2981 989 3044 cap.
1006 2965 1108 3048 Isqor',
1120 2967 1156 3031 de

182 3050 356 3130 sepulturis,
377 3051 408 3112 in
426 3057 468 3112 6⁰.
484 3087 520 3097 -
538 3055 580 3114 lta
598 3071 630 3115 se
653 3052 740 3114 babet
758 3057 849 3134 caput
871 3052 900 3114 Is
922 3053 998 3132 qui:
1019 3057 1075 3117 uls
1100 3059 1153 3138 qui

180 3161 194 3195 o
218 3137 333 3200 habens
346 3138 533 3203 domicilium
547 3141 579 3202 in
592 3141 708 3203 civitate
723 3141 766 3203 rel
784 3148 898 3219 castre,
918 3140 1101 3224 quandoque
1115 3145 1155 3208 ad

180 3249 193 3284 n
217 3225 317 3288 villam
338 3228 470 3290 ruralem
490 3247 522 3292 se
544 3229 698 3306 transfert,
718 3230 911 3292 recreationis
930 3233 1037 3308 causa,
1059 3232 1105 3293 rel
1120 3242 1156 3296 ut

125 3383 127 3386 ¹
179 3339 193 3372 n
217 3315 327 3378 ruralia
342 3324 478 3380 exerceat
496 3317 527 3378 in
550 3318 671 3394 eldem3
691 3320 716 3380 si
732 3339 793 3381 non
812 3319 906 3381 electe
928 3319 1082 3401 sepultura
1103 3321 1154 3384 de-

179 3427 193 3461 n
217 3405 303 3466 cedat
325 3403 457 3484 ibidem,
481 3424 542 3468 non
567 3407 598 3468 in
620 3408 745 3470 eeclesia
758 3407 844 3470 diotae
858 3409 956 3484 villae,
977 3408 1030 3470 sed
1053 3409 1085 3471 in
1098 3415 1153 3472 sua

178 3518 192 3552 o
217 3493 385 3574 paroeciali,
408 3493 454 3556 vel
473 3495 504 3556 in
525 3499 560 3557 eb
583 3497 681 3578 potius
702 3497 811 3577 inqua
835 3498 983 3575 majorum
1005 3497 1098 3576 ipsius
1112 3499 1152 3559 ab

178 3581 342 3661 »antiquo
369 3581 521 3662 sepultura
544 3586 656 3662 existit,
677 3585 795 3664 sepeliri
821 3584 942 3646 debebit
950 3604 958 3660 ;
983 3583 1150 3648 dummodo

180 3691 196 3727 a
219 3667 334 3748 absque
348 3669 481 3747 periculo
495 3671 532 3732 ad
546 3673 642 3753 ipsam
655 3673 750 3736 valeat
763 3673 921 3756 deportari.
939 3693 955 3732 r
973 3674 1046 3734 Haec
1058 3671 1150 3734 disci·
