2522 3992
449 267 536 313 arsen
557 268 675 316 rasura.
994 252 1049 316 511

68 371 191 442 tentes,
207 363 343 446 potestati
356 361 547 426 dominatirae
557 365 753 446 superiorum
763 363 823 427 sint
831 363 968 444 subjecti.
979 364 1055 429 Vide

69 473 124 538 ap.
143 453 181 514 D.
198 452 313 530 Rcuirr,
328 451 382 527 it„
398 457 473 514 tom.
490 455 524 530 2,
540 473 571 534 p.
587 458 661 528 559,
677 462 735 516 etc.

116 545 210 606 2779.
234 541 358 614 Ouaerit.
374 545 406 603 't‘
419 541 520 614 Oualis
533 559 598 604 esse
609 541 716 605 debeat
730 541 849 606 licentia
863 543 879 604 t
895 541 1055 624 Superiora

70 633 147 694 data
159 650 215 714 pro
228 630 476 713 dispositionibus
490 649 558 712 quae
570 631 720 694 licentiam
735 632 822 693 istam
839 631 1016 712 requirunt?

115 723 210 802 Resp.
229 725 259 782 t⁰
274 719 362 782 Nulla
376 727 547 800 potestesse
560 719 720 784 difficultas
729 720 767 782 de
777 720 1053 802 licentitrrpresrrt‚

75 809 175 872 modd
188 809 224 872 sit
237 827 319 886 vera,
330 826 387 870 nec
401 813 484 870 metu
498 827 554 871 nec
568 808 672 872 fraude
689 815 803 871 extorta
814 828 822 868 τ
833 808 906 871 alins
920 809 1056 872 iuvatidae

76 899 179 961 forent
192 898 404 980 dispositiones
417 915 455 958 ex
468 897 518 958 tali
533 898 650 959 lieentia
665 903 809 979 peractae;
826 902 854 958 et
866 896 956 958 modd
965 898 1056 959 etiam

77 987 117 1048 sit
131 986 316 1050 rationabilis
332 1006 339 1046 :
355 1003 443 1049 secus
456 985 641 1067 probabitibs
656 991 755 1048 essent
774 985 885 1066 pariter
907 986 1055 1066 invalidae,

76 1076 165 1155 juxta
181 1077 212 1138 S.
229 1075 364 1156 Liguor.‚
380 1073 432 1135 lib.
448 1077 483 1150 1,
499 1083 532 1135 n⁰
547 1077 596 1136 31.

121 1169 212 1228 2780.
230 1199 268 1211 -
282 1168 313 1226 2⁰
328 1163 536 1228 Communiter
554 1163 658 1226 dieunt
677 1165 739 1226 DD.
756 1162 892 1226 sufficere
905 1162 1056 1226 licentiam

81 1261 223 1329 laertem,
240 1271 350 1335 nempe
359 1253 513 1316 silentium
528 1253 696 1336 Superioris
710 1251 830 1314 scientis
844 1259 873 1314 et
884 1269 945 1314 non
959 1252 1058 1335 prohi-

81 1344 203 1417 hantis,
217 1344 288 1405 curn
302 1341 554 1425 facileprolribere
569 1349 663 1424 posset
677 1361 687 1401 :
702 1343 773 1422 quia
784 1341 915 1422 expressi
927 1349 956 1403 et
971 1342 1058 1402 taciti

82 1432 193 1494 eadem
207 1438 252 1494 est
264 1432 372 1509 virtus,
388 1431 459 1492 cbm
466 1433 564 1512 reipsa
576 1430 730 1493 concessio
744 1429 859 1492 existat.
875 1432 906 1491 S.
922 1430 1055 1512 Ligure,

87 1521 142 1581 lib.
158 1525 197 1598 1,
213 1533 247 1582 n⁰
262 1525 310 1583 tr.

128 1611 217 1671 arat.
233 1644 272 1656 -
284 1613 316 1672 3⁰
332 1609 418 1672 Idem
431 1614 476 1671 est
493 1605 657 1671 dicendum
679 1612 717 1670 de
738 1608 858 1670 licentia
876 1612 1058 1690 praesumpta

87 1696 124 1759 de
139 1699 304 1779 presenti,-
325 1697 378 1760 sed
400 1699 628 1761 controvertitur
641 1697 680 1758 de
693 1696 813 1758 licentia
830 1701 1011 1778 praesumpta
1024 1696 1059 1759 de

86 1786 211 1867 saturo,
230 1787 441 1868 praesumendo
456 1805 565 1868 nempe
579 1785 661 1868 qudd
682 1786 825 1866 Superior
839 1787 1021 1848 consentiret
1034 1786 1058 1848 si

87 1883 243 1957 rogaretur
258 1896 266 1938 :
282 1876 384 1958 plures
406 1881 518 1956 negant
536 1876 626 1936 talem
643 1875 794 1937 licentiam
811 1873 947 1936 sufficere
964 1893 970 1934 :
988 1874 1059 1954 quia

86 1965 245 2044 religiosus
267 1965 381 2046 indiget
398 1965 505 2027 actuali
528 1964 647 2026 licentit
667 1963 851 2046 Superioris,
867 1970 901 2024 ut
915 1963 1007 2025 valide
1021 1963 1059 2025 de

88 2053 176 2116 bonis
190 2054 403 2117 communibus
416 2053 575 2136 disponere
588 2053 704 2128 valeat,
720 2053 795 2114 sicut
805 2051 1004 2114 confessarius
1013 2071 1060 2114 ac

89 2141 161 2203 tuali
186 2142 393 2221 iurisdictione
421 2159 498 2223 opus
522 2141 611 2204 habet
630 2149 665 2205 ut
685 2139 781 2204 valide
800 2141 950 2217 absolvat3
974 2142 1059 2206 multi

91 2233 211 2293 econtra
225 2231 372 2293 affirmant
382 2249 452 2294 cum
463 2233 493 2293 S.
503 2230 621 2293 Thomt
634 2231 665 2292 in
680 2233 710 2306 1,
756 2232 790 2292 l).
803 2233 857 2308 15,
869 2249 900 2311 q.
912 2233 946 2307 2,
958 2237 1014 2292 art.
1026 2236 1057 2310 5,

92 2319 143 2402 ubi
163 2321 225 2381 ait:
246 2342 262 2380 a
284 2321 350 2382 Non
371 2338 436 2382 esse
457 2319 686 2401 proprietarium
706 2318 880 2399 religiosum
894 2319 947 2400 qui
968 2319 1060 2382 donat

92 2429 108 2466 o
132 2407 243 2490 aliquid
263 2427 380 2490 ponens
403 2425 489 2489 spem
512 2407 727 2469 ratihabitionis
751 2407 879 2468 Praelati.
902 2429 917 2464 a
936 2410 971 2468 Et
986 2408 1059 2469 ratio

94 2499 220 2577 estquis
242 2497 280 2558 ad
303 2515 363 2560 non
386 2495 574 2578 peccandum
593 2503 697 2558 contra
715 2501 816 2558 votum
831 2496 1011 2576 paupertatis
1025 2514 1060 2557 ca

94 2585 199 2648 sufficit
212 2587 331 2649 licentia
345 2605 413 2669 quae
427 2586 518 2648 efficit
531 2583 706 2666 utaeeeptio
721 2602 781 2644 non
798 2583 848 2643 liat
858 2583 980 2644 nomine
994 2602 1061 2662 pro

95 2675 177 2757 prio,
192 2674 244 2737 sed
257 2693 328 2737 cum
340 2673 541 2756 dependentia
554 2676 571 2734 a
585 2673 738 2734 voluntate
752 2671 930 2752 Superioris;
948 2679 977 2732 et
986 2689 1059 2733 con-

97 2761 229 2824 sumatur
252 2781 290 2826 ax
307 2781 344 2825 eo
364 2762 463 2845 quod,
478 2781 513 2824 ex
530 2762 580 2823 lib.
599 2765 659 2836 16,
682 2760 700 2840 §
722 2764 753 2834 7,
777 2758 923 2839 deserto,
941 2767 1060 2822 nonest

97 2869 164 2912 reus
177 2850 246 2914 furti
269 2852 321 2934 qui
340 2850 452 2934 aliquid
470 2850 578 2932 accipit
591 2857 699 2940 putans
717 2847 876 2910 dominum
899 2848 1059 2930 probabili-

97 2947 140 3000 ter
152 2958 370 3003 consensurum
385 2941 408 3002 si
423 2938 461 3001 ab
470 2957 507 3000 eo
520 2943 680 3020 peteretur.
696 2938 782 2999 Hanc
803 2937 967 3000 secundam
990 2957 1058 3002 sen-

98 3027 217 3090 tentiam
232 3028 461 3110 probabiliorem
473 3028 617 3090 existimat
633 3029 664 3088 S.
680 3027 814 3106 Ligure,
827 3025 880 3101 ib,
897 3038 930 3087 n⁰
946 3031 993 3090 l8.

135 3121 221 3179 2782.
247 3117 373 3179 Advertc
387 3123 489 3180 temen
503 3115 583 3198 quod
597 3115 769 3192 hujusmodi
784 3116 909 3178 lieentiae
924 3135 985 3176 non
1001 3118 1060 3180 sint

98 3205 180 3269 tacite
194 3205 423 3287 presumendae3
437 3212 467 3267 et
480 3204 562 3286 qubd
578 3204 606 3265 id
615 3202 677 3265 lieri
689 3222 750 3265 non
763 3203 869 3266 debeat
885 3205 940 3265 nisi
955 3205 1058 3267 saltem

98 3295 238 3358 habeatur
247 3303 327 3358 certa
337 3293 528 3377 probabilitas
534 3292 571 3354 de
584 3292 684 3354 lutura
693 3295 900 3365 concessione3
913 3310 968 3352 nec
978 3295 1058 3371 quod

99 3385 246 3448 ordinarie
260 3384 364 3446 dantes
373 3383 418 3444 vel
431 3382 609 3464 accipientes
618 3387 797 3443 excusentur
806 3383 823 3442 d
832 3381 921 3460 culpa
933 3380 1057 3441 veniali:

100 3475 167 3556 quia
181 3473 378 3556 plerumque,
393 3471 417 3533 si
432 3489 494 3533 non
508 3468 607 3552 quoad
621 3467 815 3532 substantiam
827 3515 835 3546 ,
846 3469 949 3530 saltem
960 3467 1059 3549 quoad

100 3563 221 3626 modurn
236 3563 317 3624 inviti
331 3567 401 3624 sunt
413 3560 592 3640 superiores.

139 3655 225 3716 2783.
242 3649 373 3712 Licentia
383 3655 483 3712 numm
494 3648 585 3725 petita
600 3657 673 3709 .sed
682 3648 813 3710 indebite
822 3653 928 3737 negata
938 3665 999 3709 non
1012 3665 1060 3722 er·
