2522 3992
438 261 527 328 mauu
546 282 663 328 ramus.
985 278 1041 336 tlt

70 375 169 440 dicere
182 375 350 440 Ecclesiam
363 377 408 440 sic
419 375 570 460 tyrannidi
585 378 719 442 seculari
734 377 952 460 subjiciendam
964 397 1039 444 essa.

70 468 150 547 Ergo
165 469 181 527 t
196 466 330 529 saeculari
347 474 489 549 potestate
501 487 561 530 non
572 469 684 550 pendet
697 468 778 550 qnod
792 487 885 550 capax
900 470 944 531 vel
961 471 1043 533 inca-

71 573 128 637 pax
151 555 277 617 dominii
301 555 338 617 sit
363 557 527 634 religiosus.
546 557 625 637 Ergo
640 557 679 618 ab
702 558 765 639 ipsa
787 577 847 619 non
869 558 980 640 pendet
999 577 1045 622 so-

72 643 213 794 lempitas
233 645 290 708 voti
314 645 497 728 paupertatis
518 645 676 728 religiosae.
692 648 773 729 Ergo
792 649 810 710 b
830 647 893 710 sola
912 647 1045 711 Ecclesia

74 752 131 815 pen
155 741 194 794 et.

112 826 204 885 aser.
228 823 348 885 Probat.
368 827 401 886 ἢ·
416 823 470 886 Ea
483 821 589 906 upendi
606 822 721 886 ruriam
739 821 881 887 Ecclesiae
897 844 909 886 .·
924 825 1045 890 Certum

73 917 118 973 est
137 911 175 972 ab
195 911 329 974 Ecclesia
348 918 493 993 tanquam
514 930 601 975 veros
623 913 794 994 professos,
813 911 939 976 dominii
963 913 1045 977 inca·

74 1017 185 1081 paces,
201 1019 255 1081 per
274 1001 360 1081 plura
373 1001 482 1063 saeaula
501 1000 618 1063 babitus
636 999 727 1064 luisse
745 1001 901 1082 religiosos
915 1004 932 1064 b
946 1003 1048 1084 regio·

75 1089 166 1150 nibus
179 1088 367 1168 infidelium,
383 1089 611 1168 baereticorum,
625 1099 697 1168 eto,
712 1090 870 1168 oriundos,
885 1091 936 1152 ubi
947 1100 1047 1154 tamen

75 1177 123 1240 lex
138 1179 232 1241 civilis
242 1179 412 1256 hujusmodi
427 1179 652 1262 incapacitatem
668 1197 728 1241 non
738 1181 887 1262 agnoscit:
900 1199 956 1243 nec
970 1185 1049 1244 ultus

75 1269 232 1331 canonista
252 1267 396 1331 dubitarit
410 1287 543 1350 unquam
558 1268 596 1331 dc
617 1269 736 1331 illorum
751 1278 886 1332 votorum
910 1271 1051 1332 solemni·

76 1365 155 1419 tate:
173 1356 216 1418 sic
226 1359 476 1440 nuparSuperior
489 1357 642 1420 Generalis
653 1357 919 1422 Dominicanorum
927 1361 961 1422 P.
976 1362 1049 1422 lan·

76 1445 386 1527 uelocissimum,
402 1446 520 1508 babitus
534 1446 589 1509 fuit
607 1453 640 1508 ut
652 1464 741 1508 verus
754 1447 968 1510 Donrinicanus
982 1453 1051 1511 volo

77 1535 206 1597 solemni
223 1535 351 1616 ligatus,
367 1534 439 1596 aliis
454 1553 509 1596 nec
524 1537 603 1616 Papa
618 1553 674 1597 nec
688 1536 746 1596 PP.
769 1535 957 1598 Dominioani
980 1556 1051 1600 eum

77 1629 224 1703 tanquam
238 1623 430 1705 Superiorem
452 1625 629 1686 Generalem
648 1624 768 1686 Ordinis
789 1625 963 1707 elegissent3
980 1627 1051 1688 item

79 1713 223 1793 Superior
237 1714 391 1775 Generalis
403 1716 586 1776 lesuilarum
605 1714 656 1794 qui
671 1719 718 1776 est
740 1713 847 1795 Belga.
865 1713 984 1777 habitus
998 1715 1053 1778 luit

77 1803 170 1864 etiam
197 1808 231 1864 ut
254 1821 341 1864 verus
364 1802 518 1864 Professus
535 1803 662 1866 solemni
682 1809 751 1864 voto
773 1803 897 1883 ligatus,
920 1804 1052 1886 alioquin

78 1894 96 1954 a
112 1892 174 1952 suis
190 1909 250 1952 non
271 1890 518 1967 tolosarorum,
534 1899 584 1954 aut
600 1893 665 1971 ejus
679 1891 785 1954 electio
800 1891 937 1955 habenda
951 1893 1054 1956 luisset

79 1989 116 2042 ut
130 1980 230 2056 nulla3
242 1981 285 2042 sic
299 1981 449 2043 innumeri
466 1981 513 2042 alii
530 1981 659 2062 religiosi
671 1981 702 2042 in
718 1981 867 2064 praedictis
881 1983 1054 2066 regionibus

78 2069 224 2152 professi,
241 2069 272 2132 in
289 2070 416 2151 Anglii,
432 2070 698 2148 Hibernialndta,
713 2071 793 2154 apud
808 2071 1051 2152 alabanenses,

79 2161 245 2232 Sinenses,
261 2166 332 2234 etc..
348 2162 364 2221 a
385 2160 520 2242 pluribus
537 2161 654 2222 saeculis
668 2161 733 2222 sine
749 2161 809 2223 ulla
827 2155 1028 2226 controversia
1044 2211 1052 2242 ‚

80 2256 116 2310 ut
128 2249 188 2310 ren
205 2249 333 2330 religiosi
350 2255 418 2310 voto
433 2249 558 2311 solemni
584 2251 766 2332 paupertatis
780 2251 889 2314 astricti
903 2299 911 2328 ‚
927 2254 1054 2335 proinde

80 2339 242 2418 incapaces
264 2337 390 2399 dominii
415 2337 506 2399 babiti
526 2345 617 2415 sunt,
638 2347 703 2402 tum
724 2342 741 2401 a
763 2340 841 2402 Sede
862 2343 1053 2422 Apostolus,

81 2433 149 2488 tum
164 2427 202 2488 ab
215 2428 358 2489 omuibus
372 2426 561 2489 Ductoribus.
575 2429 653 2509 Ergo
669 2429 794 2490 minima
808 2430 968 2510 requiritur
982 2451 1055 2493 eon-

82 2533 191 2578 cursus
201 2515 351 2597 potestatis
358 2515 514 2579 Saecularis
523 2515 561 2578 ad
569 2517 788 2579 solemnitatem
795 2519 852 2579 voti
863 2521 1055 2598 paupertatis,

83 2603 137 2666 sed
152 2604 271 2683 sufficit,
286 2613 342 2668 etc.
360 2605 447 2684 (Vide
462 2605 578 2683 Bouix,
594 2606 638 2668 De
659 2605 777 2687 Rapui,
798 2615 872 2667 tom.
889 2612 926 2684 t,
941 2625 972 2688 p.
986 2613 1058 2669 422-

127 2785 215 2846 atas.
239 2783 359 2846 Probat.
382 2787 414 2846 3·
437 2782 535 2846 Variis
552 2782 740 2845 decisionibus
758 2791 787 2845 ct
807 2783 1059 2848 auctoritatibus:

89 2876 120 2934 l·
138 2877 156 2936 9
168 2872 223 2950 jul.
242 2877 329 2944 1837,
351 2875 382 2935 S.
399 2874 508 2955 congr.
529 2873 601 2954 Epis
615 2890 670 2952 cp.
690 2880 720 2934 ct
740 2873 844 2954 Regni.
866 2875 1000 2938 consulta
1020 2895 1059 2938 an

88 2961 213 3024 carneadi
231 2961 354 3024 deberet
368 2962 491 3025 facultas
511 2962 616 3023 Abbati
633 2961 811 3025 Solesmeusi
827 2961 871 3039 (de
888 2965 1057 3045 Salamas),

89 3050 264 3112 admittendi
274 3051 311 3113 ad
325 3051 478 3114 solemnem
493 3051 708 3134 professionem
724 3070 831 3114 omnes
846 3053 911 3116 illos
924 3055 975 3135 qui
989 3074 1060 3117 cum

89 3141 154 3222 ipso
169 3159 223 3222 per
236 3148 366 3222 quatuor
379 3160 475 3204 annos
488 3141 639 3216 vixerunt,
654 3163 669 3200 a
681 3141 836 3224 respondit
846 3161 854 3203 ε
866 3146 890 3205 A
896 3143 1060 3225 ffirroctiori

89 3251 105 3289 u
126 3249 184 3311 pro
196 3229 303 3311 hirqui
313 3239 377 3292 uoto
391 3230 539 3312 simplicia
549 3230 706 3292 emiserunt
718 3231 841 3313 pruciis
853 3233 1061 3313 spiritualibus

91 3341 106 3378 n
129 3319 301 3394 exercitii&
318 3327 346 3382 et
364 3338 420 3401 pra
438 3319 484 3380 dia
505 3328 573 3380 actu
594 3319 626 3380 in
647 3321 824 3381 monasterio
842 3320 1060 3400 resistentibus,

91 3431 107 3471 a
131 3409 183 3490 pai
192 3407 286 3469 decem
299 3419 329 3470 et
342 3418 404 3470 octo
417 3427 524 3470 menses
537 3407 568 3468 iu
578 3407 723 3468 novitiatu
737 3410 923 3490 expleverint
933 3409 1063 3471 arbitrio

92 3520 108 3558 u
132 3497 429 3578 Supera'uriscumsuo
444 3495 638 3578 Capitale...»
654 3497 812 3558 Conversis
823 3506 923 3558 autem
939 3501 1062 3578 permit·

94 3593 198 3650 tuntur
211 3587 310 3648 solirm
330 3595 397 3648 rota
417 3585 575 3666 simplicia.
593 3584 714 3647 Amida
731 3583 761 3646 lu
779 3585 919 3666 [talipiaco
926 3631 937 3662 ,
953 3594 976 3647 t.
993 3590 1063 3666 lob,

98 3693 127 3743 p.
142 3679 219 3750 tatu
237 3675 343 3752 Bouix,
359 3673 415 3753 ia,
430 3693 460 3755 p.
475 3677 546 3736 tlt.
