2522 3996
439 197 525 244 arsen
545 196 665 244 rnruus.
998 177 1037 243 59

71 293 262 371 eontrarium,
278 311 341 356 non
353 292 440 357 dehet
460 292 610 374 parochus
625 289 794 375 quidquam
814 293 950 375 exigere,
966 293 1037 374 quia

71 381 95 442 ri
112 383 157 444 sui
177 386 332 454 muneris,
348 382 497 466 parochus
518 381 607 446 debet
626 381 719 444 talem
739 379 926 446 lunationem
949 389 1036 464 prout

69 468 121 532 alla
133 473 291 552 pastoralia
303 473 366 537 suis
379 471 568 555 parochianis
582 477 734 552 praestare.
751 470 782 534 Si
797 473 868 536 verb
881 478 986 553 agatur
999 473 1037 535 de

70 559 154 622 modo
175 562 411 626 extraordinario
430 559 613 644 sepeliendi,
630 559 654 622 si
668 560 829 642 exigantur
841 580 870 622 u.
896 579 926 638 g.
947 561 1037 624 missa

69 655 178 712 carrula
191 659 243 714 aul
257 653 317 715 alia
329 651 480 730 indebita,
499 667 554 732 pro
570 647 743 730 huiusmodi
758 648 915 713 funeribus
927 650 1038 736 stipen-

69 735 147 799 dium
159 740 236 822 exigi
249 747 358 823 polest.

105 827 237 892 Diximus
256 827 367 892 serlusd
385 825 588 892 consuetudine
601 827 634 888 lu
646 827 849 904 eontrurr'um,·
862 847 933 892 nam
953 829 1037 910 juxta

75 913 206 980 thhatcm
221 925 329 982 contra
342 916 491 1001 quosdam
504 917 595 991 alios,
605 915 673 980 talis
685 916 888 994 consuetudo,
904 923 1037 1001 posttea-

71 1001 155 1067 ditum
164 1008 328 1089 sepulturae
338 1001 449 1090 corpus
458 1055 466 1084 ,
475 1005 727 1083 estohservanda;
739 1005 805 1068 vide
816 1006 946 1070 Barbosa
955 1007 1035 1090 apud

72 1097 102 1154 l).
125 1097 214 1160 Boulx
232 1099 290 1179 (De
306 1097 455 1173 Puroelo,
469 1117 501 1178 p.
517 1099 596 1176 499).
619 1095 749 1173 -Sed,
765 1095 865 1177 inquit
881 1097 1032 1170 Ferraris,

70 1185 211 1264 sepultura
225 1205 290 1252 non
300 1181 1035 1269 0000101000ρπωιεκωοοιηροεῑιῑοηῑεᾳιωνιω

69 1271 223 1355 funeralis,
247 1284 278 1341 et
298 1277 343 1340 sic
363 1277 499 1340 decisum
517 1276 608 1337 relert
625 1275 689 1337 hS.
705 1275 816 1356 Congr.
841 1275 981 1358 Episcop.
1005 1282 1034 1339 et

71 1363 212 1443 llsgulan,
227 1371 246 1428 5
259 1367 332 1429 maii
348 1369 424 1428 lhl'l
441 1369 480 1443 (0ο
490 1363 667 1447 Sepultura,
684 1375 718 1426 n⁰
732 1368 813 1444 169).

108 1475 122 1510 a
140 1453 282 1530 Paroehi,
299 1455 398 1536 inquit
416 1453 538 1516 Rituote
552 1453 767 1531 Rormnum...,
783 1453 819 1516 iis
835 1453 1034 1536 eleemosynis

73 1561 85 1596 υ
105 1541 610 1628 martentisintquaeautexpruhald
619 1541 837 1604 consuetudine
850 1542 914 1605 dari
925 1545 1032 1624 solent,

72 1651 84 1686 r
105 1641 230 1714 autquas
239 1631 1035 1714 ordinariuseonstituerit.u—Ergoparochipossunt

71 1718 171 1801 aliquid
185 1723 322 1804 legitime
335 1725 454 1803 exigere
469 1738 523 1802 pro
536 1719 635 1782 officio
649 1719 828 1800 sepulturae,
843 1737 952 1801 nempe
966 1741 1034 1802 quae

71 1805 126 1870 dari
145 1811 242 1876 solent
258 1831 301 1878 ex
315 1811 448 1893 legitime
460 1808 699 1888 consuetudine,
715 1817 766 1872 aut
779 1827 847 1891 quae
860 1810 1035 1874 Ordinarius

70 1903 220 1964 constituit

106 1992 187 2052 ltus.
210 1989 338 2063 Quaerit.
358 1991 389 2052 9⁰
412 1991 559 2061 Quaenam
585 1987 788 2052 emolumenta
808 1989 846 2051 ad
869 1989 1033 2071 parochum

71 2079 228 2156 pertineant
241 2077 368 2164 quando
384 2076 532 2142 bruerolis
550 2083 633 2139 extra
652 2077 809 2140 ecelesiam
832 2079 1033 2160 parochialem

72 2169 292 2340 mbaebbm‘dbdc
310 2256 459 2341 parochus
475 2257 524 2338 jus
541 2257 632 2320 habet
653 2255 691 2319 ad
712 2264 849 2338 quartam
869 2257 1032 2337 funeratam

72 2362 116 2407 ssu
132 2351 302 2428 portionem
320 2348 508 2410 canonicam.
527 2349 650 2410 Constat
663 2365 700 2408 ex
721 2365 788 2427 cap.
815 2343 888 2408 cum
909 2366 1031 2428 semper,

71 2433 100 2493 de
110 2437 276 2518 sepulturis,
287 2437 318 2499 iu
331 2455 394 2518 quo
404 2436 535 2499 dicitur:
551 2460 566 2496 u
581 2435 743 2498 Statuimus
757 2441 790 2497 ut
799 2434 823 2496 si
838 2435 970 2516 aliquem
985 2455 1035 2518 pa·

72 2545 84 2580 r
104 2527 480 2590 roecianorurnvesnorum
499 2525 571 2588 alibi
593 2524 752 2606 contigerit
770 2523 880 2605 eligere
899 2525 1033 2606 sepullu-

72 2631 84 2668 1
104 2633 179 2694 ram,
194 2616 233 2679 de
249 2623 429 2678 testamento
443 2617 538 2698 ipsius
552 2623 659 2698 quartu
675 2613 752 2675 uubis
767 2613 868 2694 portio
882 2613 1033 2694 relinqua-

72 2721 84 2758 r
106 2711 162 2766 tur.
177 2727 193 2764 a
210 2739 251 2752 -
261 2707 306 2768 Ex
317 2723 385 2787 cap.
403 2705 577 2788 Certifieori
585 2752 593 2781 ,
604 2701 639 2766 de
651 2701 831 2784 sepulturis,
847 2701 1031 2766 ubidicitur:

76 2811 88 2848 r
104 2795 298 2878 Unaquaeque
308 2795 462 2877 prouincia
474 2795 576 2866 insuu
589 2809 682 2857 sensu
696 2789 846 2867 abundet,
866 2791 1033 2854 secundum

74 2883 309 2947 rationabilem
326 2883 578 2948 consuetudinem
601 2881 754 2963 regionis,
768 2879 826 2941 illo
843 2878 970 2960 justitia
993 2881 1032 2960 (id

74 2989 85 3026 r
106 2979 146 3034 est
158 2975 254 3056 portio
266 2973 430 3037 obveniens
447 2972 581 3036 eeclesiae
595 2973 687 3053 aqut
699 2988 827 3053 corpora
844 2977 1033 3034 mortuorum

74 3079 86 3115 s
106 3065 317 3142 assumuntur),
331 3062 612 3126 cireamedietatem
623 3108 631 3139 ,
643 3059 815 3142 vellentium
829 3065 882 3122 aut
896 3069 1032 3141 quartam

74 3169 86 3206 u
107 3159 237 3230 partem,
253 3169 308 3234 pro
322 3152 458 3214 locorum
472 3149 691 3213 diversitatibus
704 3149 883 3212 attendatur.
899 3149 1034 3212 u-llide

74 3238 152 3300 etiam
166 3245 198 3304 S.
214 3241 335 3322 Liguor.
352 3241 407 3319 (De
421 3240 613 3321 Priuitepir'a‚
628 3252 663 3302 0ο
676 3243 737 3318 93).

108 3332 190 3393 1118.
214 3331 307 3393 Porrb
320 3348 375 3414 per
394 3338 533 3414 quartum
546 3329 711 3411 funeralern
732 3329 907 3411 intelligitur
925 3335 1035 3393 rcerta

76 3435 87 3472 t
108 3421 250 3498 quantitas
264 3423 282 3482 a
288 3421 357 3502 jure
366 3421 513 3483 canonico
526 3417 663 3493 inducta,
672 3426 702 3482 et
711 3421 784 3482 solvi
795 3419 894 3482 debita
905 3420 1035 3500 parocho

76 3523 88 3559 ι
107 3508 148 3568 rel
162 3510 309 3594 Episcopo
319 3510 357 3573 ab
366 3511 493 3573 eeclesia
507 3509 558 3572 itta
572 3510 602 3571 in
617 3513 678 3591 qul
692 3509 771 3590 quis,
786 3507 1034 3588 relictttproprih,

79 3611 89 3648 ι
108 3599 252 3678 sepelitur,
281 3617 319 3663 ex
339 3599 451 3663 relictis
465 3595 596 3662 eidemh
615 3598 797 3680 parochiano
815 3595 975 3668 defuncto,
989 3590 1034 3652 vel
