2486 3984
202 198 258 260 tlt
420 217 556 264 rannus
573 217 674 265 rorrus
692 219 775 266 runis
794 217 943 268 ennomus.

198 337 213 374 c
238 314 298 376 sint
304 313 431 378 ordinati
438 313 593 397 Episcopis
601 315 742 378 omnibus
750 304 839 397 petel.
852 338 867 376 o
880 316 935 378 Alii
946 321 1048 380 temen
1059 325 1174 400 negant

199 405 268 487 quio
281 405 500 487 inPontifieoli
514 424 594 468 unus
606 408 723 468 tantum
738 405 953 486 Episcoporum
966 406 1078 470 dicitur
1092 407 1172 471 Con·

199 503 341 566 senator,
358 495 407 556 alii
421 495 491 556 vend
505 495 699 564 dsst'stentes.·
715 502 744 556 et
759 494 882 575 insuper
899 495 1029 576 allegant
1047 497 1122 558 Can.
1142 501 1169 572 l,

200 584 345 665 Apostol,
358 583 544 646 ubidicitur:
560 607 574 643 n
580 586 610 647 Si
621 583 728 665 aliquis
736 582 773 645 ab
783 601 846 646 uno
855 584 1005 666 Episcopo
1014 585 1173 650 ordinatus

198 693 213 731 o
237 673 341 750 luerit,
355 673 380 735 is
397 675 449 756 qui
471 673 626 736 ordinatus
639 680 684 735 est
697 671 875 753 deponatur.
892 696 907 732 o
925 675 954 735 Si
970 673 1173 756 deponendus

197 769 252 836 est,
262 780 334 844 ergo
343 770 388 825 est
413 763 483 846 verta¹
497 762 661 824 ordinatus.
683 784 697 821 o
712 765 843 844 Utraque
854 764 1000 824 sententia
1010 771 1055 826 est
1064 765 1174 846 proba-

197 869 213 910 a
237 850 320 928 bilis,
335 873 351 909 s
369 851 466 934 inquit
480 853 511 915 S.
527 851 647 934 Lignor.
665 851 727 930 (lib.
744 853 778 928 6,
794 855 931 932 n0'155);
947 852 1030 914 unde
1043 853 1075 914 in
1085 859 1171 935 proxi

197 940 324 1002 omnind
337 942 435 1023 prima
448 947 494 1004 est
506 943 670 1023 sequenda.

236 1031 323 1091 Juxta
338 1031 374 1091 D.
391 1029 486 1092 Bouis
499 1077 508 1107 ,
523 1031 568 1094 De
581 1031 737 1112 Episcopo,
752 1050 783 1112 p.
799 1033 874 1107 eta,
890 1035 1005 1093 certum
1020 1039 1067 1096 est
1078 1032 1169 1098 hodia

197 1118 324 1180 validam
337 1137 417 1192 esse,
438 1120 491 1182 etsi
513 1120 665 1196 illicitam,
680 1121 937 1183 consecrationem
957 1121 1168 1205 Episcopalem

197 1207 235 1269 ab
249 1227 311 1270 uno
323 1212 441 1272 motum
456 1210 605 1292 Episcopo
617 1215 779 1290 peractam.

238 1300 325 1359 lltl.
349 1298 471 1370 Quaerit,
486 1304 519 1359 l·
538 1302 585 1359 nn
599 1300 692 1380 possit
708 1297 877 1361 consecrari
895 1299 1063 1381 Episcopus
1076 1301 1167 1385 isqui

198 1385 333 1447 nondum
348 1394 392 1448 est
406 1387 579 1469 presbyter?

237 1477 326 1557 ltosp.
359 1477 410 1538 Sat
433 1477 635 1538 communiter
660 1475 764 1538 haberi
789 1481 824 1538 ut
845 1482 981 1552 certum,
1005 1477 1109 1540 saltem
1135 1481 1166 1544 in

196 1563 298 1646 proxi,
316 1567 468 1628 neminem
479 1583 543 1628 esse
552 1564 727 1628 habendum
739 1571 882 1646 tanquam
894 1567 1093 1647 Episcopum,
1109 1571 1166 1632 nisi

196 1661 263 1734 post
276 1661 427 1737 receptam
436 1654 656 1717 ordinationem
666 1653 891 1716 sacerdotalem.
904 1655 976 1716 Vide
986 1655 1017 1716 S.
1029 1656 1163 1740 liguas,

196 1742 247 1805 lib.
259 1748 293 1820 6,
310 1749 425 1808 n0'138.
441 1747 505 1807 lmt
527 1746 562 1805 D.
578 1743 672 1806 Bouix
688 1743 742 1820 (Ile
756 1743 914 1826 Episcopo,
929 1751 1003 1806 tom.
1022 1747 1051 1821 l,
1067 1766 1098 1828 p.
1113 1751 1161 1829 89)

195 1831 270 1894 dixit
282 1831 386 1913 qudd:
406 1833 472 1894 old
488 1830 591 1914 ὼφηα
607 1832 782 1894 catholicum
795 1839 853 1910 est,
868 1839 955 1894 extro
973 1853 1084 1896 omnem
1098 1855 1161 1898 eoo-

195 1941 211 1979 n
236 1920 407 1982 troversinm
420 1919 500 2001 apud
515 1919 686 1983 orthodoxos
697 1920 834 2004 positum.
850 1921 964 1984 Hinc...
981 1923 1044 2000 (ait)
1059 1925 1161 1987 Diaco-

195 2031 210 2068 n
234 2027 292 2070 nus
301 2009 412 2072 electus
422 2009 453 2070 in
469 2010 687 2092 Episcopum...
701 2028 858 2092 nunquam
868 2029 1001 2092 protero
1014 2013 1161 2096 Episcopo

195 2119 210 2155 n
233 2096 352 2161 habitus
374 2107 433 2174 est,
451 2098 508 2160 nisi
526 2107 592 2180 post
605 2107 754 2182 receptam
775 2099 988 2162 sacerdotalem
1002 2101 1162 2168 ordinatio·

194 2209 210 2246 n
228 2205 315 2263 nem;
331 2209 346 2245 o
359 2185 416 2251 hoc
425 2195 525 2250 tamen
536 2189 763 2250 controvertitur
772 2189 855 2264 iuxta
864 2188 1005 2251 eumdem
1020 2191 1056 2250 ll.
1068 2191 1160 2256 Bonis

194 2275 263 2355 (in,
280 2296 310 2357 p.
326 2279 423 2338 attat
435 2279 518 2357 Eli).
534 2279 585 2359 qui
601 2277 670 2338 citat
686 2276 797 2338 Bened.
813 2279 879 2339 XIV
894 2279 1028 2352 (Constit.
1044 2279 1084 2342 Ia
1092 2301 1159 2363 pos-

196 2372 295 2436 tremo,
311 2370 350 2428 20
363 2369 462 2428 octob.
478 2371 571 2438 1756,
588 2365 606 2446 ξ
621 2369 659 2428 10
672 2372 701 2427 et
715 2368 763 2445 ll)
774 2373 803 2427 et
815 2367 899 2428 alios.

235 2455 321 2524 luxta
334 2455 510 2518 sententiam
533 2473 743 2531 communem,
769 2454 839 2516 uad
861 2455 1020 2518 essentiam
1042 2457 1160 2539 Episco

198 2565 213 2598 a
234 2548 318 2624 patus
332 2545 459 2627 pertinet
468 2543 620 2628 plenitudo
638 2542 830 2606 sacerdotii...
851 2544 1013 2606 Sacerdolii
1027 2548 1159 2611 vocabu·

199 2647 213 2678 »
233 2631 295 2694 lum
305 2633 442 2717 exprimit
452 2651 548 2716 genus
557 2631 713 2714 Episcopis
727 2633 817 2696 simul
830 2651 865 2694 ac
877 2633 1060 2714 presbyteris
1073 2653 1156 2699 com·

196 2743 211 2776 a
232 2739 360 2785 inune...
377 2725 438 2786 Nec
450 2722 607 2801 objiciatur
623 2722 800 2784 controverti
814 2722 891 2783 inter
904 2721 1043 2785 doctores
1056 2723 1157 2788 catho-

197 2826 213 2862 n
232 2809 304 2874 licos
317 2819 416 2874 utrum
432 2812 627 2893 Episcopatus
639 2810 695 2886 sit,
711 2829 827 2884 necne,
850 2809 924 2872 ordo
943 2809 1114 2886 distinctus,
1129 2823 1157 2877 et

197 2925 211 2957 s
232 2907 452 2962 sacramentum
465 2899 640 2961 distinctum
653 2901 671 2960 d
690 2899 896 2980 presbyteratu
914 2897 1067 2963 diversum
1082 2921 1089 2962 :
1105 2900 1154 2965 ad·

194 3010 209 3049 o
232 2987 412 3050 mittendum
425 2987 529 3050 saltem
543 2995 588 3050 est
607 3005 662 3068 per
680 2987 879 3071 episcopalem
900 2988 1154 3054 consecrationem

191 3096 206 3136 o
230 3075 392 3140 tetendiet
412 3075 551 3158 compleri
563 3076 795 3158 presbyteralem
817 3077 972 3153 ordinem3
989 3077 1029 3139 ita
1044 3085 1078 3140 ul
1096 3098 1154 3144 non

190 3187 205 3224 n
230 3165 324 3247 possit
337 3165 404 3245 quis
417 3165 582 3246 Episcopus
596 3164 675 3240 lieri,
692 3165 746 3228 nisi
761 3165 906 3244 ejusmodi
921 3165 1114 3230 extensionem
1127 3175 1153 3230 et

189 3276 204 3314 o
230 3252 483 3334 complementum
498 3253 680 3334 recipiendo.
697 3276 711 3313 o
729 3255 804 3318 Vide
819 3255 923 3330 Bonis,
939 3254 983 3316 Ee
998 3254 1150 3340 Episcopo,

189 3350 264 3405 tom.
282 3347 311 3418 l,
347 3388 353 3402 .
369 3345 418 3404 89.

231 3361 462 3503 iraspouaerit.
478 3434 511 3495 5·
523 3431 666 3504 Quanam
679 3432 847 3514 pertineant
858 3431 896 3494 ad
912 3429 1055 3495 Ordinem
1071 3431 1151 3514 Epis-

190 3520 356 3602 copolemt

230 3607 398 3691 Respondet
422 3609 548 3675 Devoti:
575 3609 730 3674 «Ordinis
746 3618 957 3694 potestatem...
986 3615 1148 3698 Episcopus
