2534 3996
188 230 247 293 tto
405 243 543 294 anacam
563 243 664 292 nouus
683 243 765 292 rums
786 241 934 292 aaronica.

188 349 299 412 ducere
323 346 448 410 dominii
471 346 722 428 incapacitatem.
738 363 808 408 nam
831 345 897 409 haec
913 346 1096 428 incapacitas
1114 348 1161 410 rel

189 439 317 502 oriretur
338 443 410 500 tunc
436 455 472 498 ex
494 435 715 498 renuntiatione
737 435 870 496 voventis
894 438 955 516 qud
976 435 1161 498 voluntatem

190 545 274 590 suam
289 525 425 588 redderet
439 525 622 587 inefficacem
634 523 670 586 ad
681 524 872 586 retinendum
883 532 931 586 aut
942 523 1162 604 acquirendum

189 615 378 692 dominium;
395 615 440 677 rel
464 633 501 676 ex
519 613 679 675 donatione
696 611 855 692 anticipata
876 611 1013 673 omnium
1036 630 1161 675 suorum

191 703 340 766 bonorum
363 705 394 766 in
418 703 542 784 gratiam
567 700 740 761 monasterii
764 701 946 781 acceptantis
962 719 970 760 ι
984 701 1065 780 utqui
1087 719 1162 762 neu-

190 799 272 854 trum
286 792 344 854 dici
368 799 466 874 potest
481 810 488 851 ε
506 808 566 851 non
581 789 734 870 primum,
757 791 828 850 clim
843 789 935 851 homo
954 797 1084 870 nequeat
1098 793 1116 852 a
1131 809 1163 852 sc

190 881 293 942 tollere
310 880 503 960 capacitatem
525 897 615 958 quam
639 879 656 938 a
675 880 780 938 natural
797 877 905 952 habet,
928 883 958 940 et
975 897 1044 958 quae
1062 897 1124 940 uon
1145 883 1162 941 a

192 971 290 1050 seipso
308 969 360 1031 sed
384 971 400 1030 a
424 969 489 1049 lege
515 966 657 1048 pendet:
687 966 944 1046 qtaemadmotium
965 966 1047 1030 enim
1071 967 1162 1030 homo

191 1059 296 1138 nequit
308 1076 340 1118 se
355 1057 518 1118 inhabilem
530 1055 654 1117 reddere
668 1054 705 1116 ad
720 1056 958 1131 matrimonium,
974 1063 1063 1136 prout
1073 1075 1161 1138 supra

191 1146 322 1210 diximus
344 1149 464 1226 (2473),
487 1146 526 1206 ita
549 1145 637 1206 ctiam
662 1162 718 1205 nec
741 1145 916 1226 incapacem
942 1143 1085 1220 dominii;
1108 1163 1163 1210 nec

191 1235 365 1298 sectandam:
389 1253 476 1310 nam,
492 1235 544 1296 etsi
569 1234 663 1314 possit
676 1252 787 1295 vorens
805 1233 942 1295 abdicare
963 1235 1065 1295 omnia
1084 1233 1163 1297 bona

191 1341 245 1385 sua
259 1327 366 1405 otjura
380 1325 537 1406 praesentia
557 1330 585 1385 et
609 1322 706 1384 lutura
721 1324 752 1383 in
774 1321 906 1384 latorem
926 1324 1119 1399 monasterii,
1134 1331 1163 1386 et

191 1412 234 1474 sic
253 1432 285 1475 se
309 1415 436 1496 spoliare
460 1431 521 1475 non
544 1411 642 1476 solium
665 1411 803 1474 facultate
825 1411 972 1474 retinendi
998 1416 1077 1474 hona
1094 1432 1163 1495 quae

191 1499 343 1582 hahuerit,
358 1504 410 1566 sed
425 1504 547 1584 insuper
561 1507 705 1583 potestate
718 1500 892 1581 acquirendi
910 1502 965 1563 sihi
982 1501 1011 1562 in
1026 1501 1161 1565 lutrarum

191 1591 247 1654 alia
261 1592 351 1670 hona,
367 1593 424 1654 hoc
437 1600 536 1654 tamen
553 1609 614 1652 non
628 1589 736 1652 suflicit
750 1597 783 1651 ut
793 1589 918 1653 omnino
928 1591 1070 1652 reddatur
1084 1593 1163 1656 inca-

192 1699 248 1762 pax
262 1681 408 1758 dominii;
425 1681 572 1761 siquidem
588 1679 689 1741 hocde
700 1697 731 1739 sc
747 1696 807 1739 non
818 1679 1004 1741 estabsolute
1014 1680 1161 1744 irrevoca-

192 1769 260 1846 tate,
270 1779 298 1832 at
312 1770 439 1852 supponi
452 1777 546 1851 potest
557 1769 637 1849 qudd
652 1768 689 1829 de
704 1785 758 1829 suo
769 1769 837 1846 jure
850 1767 935 1830 cedat
946 1775 1162 1834 monasterium

191 1877 261 1920 curu
273 1859 390 1921 licentia
404 1859 556 1932 Ecclesiam
573 1857 603 1918 in
618 1861 678 1938 qua
692 1855 848 1938 hypothesi
863 1875 973 1920 vot-cns
987 1856 1162 1924 redderetur

191 1948 227 2009 atl
239 1967 324 2010 suam
336 1949 463 2010 nativam
479 1946 694 2024 conditionem,
706 1950 766 2026 qua
775 1939 875 2027 polletss
887 1947 1057 2028 capacitatis
1067 1948 1163 2011 domi·

192 2037 250 2112 nii;
269 2045 298 2098 et
312 2039 354 2098 sic
369 2055 430 2096 non
444 2037 561 2097 tantiam
571 2037 602 2096 S.
618 2035 755 2096 Pontifex
769 2033 821 2096 sed
836 2035 934 2115 ipsum
944 2039 1160 2102 monasterium

192 2133 291 2206 posset
315 2126 418 2186 tollere
445 2124 663 2186 solemnitatem
686 2125 702 2184 a
725 2133 793 2185 uoto
813 2125 1013 2204 paupertatis,
1042 2128 1160 2206 quodi

192 2215 313 2276 neniine
326 2213 444 2276 dicitur.
461 2216 541 2295 Ergo
555 2231 611 2274 nec
635 2213 752 2274 traditio
766 2215 812 2274 sui
829 2219 858 2274 et
872 2231 995 2276 suorum
1010 2213 1160 2280 bonorum

191 2320 227 2364 ac
245 2305 359 2382 jurium
383 2303 413 2364 in
437 2302 567 2364 lai-orem
594 2302 787 2380 monasterii,
810 2319 866 2364 nec
890 2301 970 2364 illius
994 2303 1161 2369 traditionis
1192 2325 1195 2330 ·

191 2393 353 2474 acceptatio
371 2391 578 2454 omnimodam
592 2397 621 2452 et
635 2399 808 2472 perpetuam
825 2390 1052 2472 incapacitatem
1066 2393 1160 2458 domi·

191 2480 233 2542 nii
249 2481 413 2545 inducunt:
427 2501 499 2563 ergo
514 2481 545 2543 in
560 2479 596 2541 iis
609 2499 671 2542 non
685 2480 820 2542 consistit
833 2481 1008 2543 solemnitas
1017 2483 1076 2546 voti
1090 2503 1159 2568 pau·

191 2572 311 2652 pertalis
324 2571 480 2655 religiosae.

231 2664 370 2744 Superest
390 2681 461 2741 erpo
481 2661 603 2726 tandem
623 2666 657 2724 ut
682 2659 730 2722 illa
752 2660 925 2723 solemnitas
946 2663 1103 2743 proveniat
1123 2683 1158 2730 ex

189 2749 383 2832 dispositione
401 2752 476 2833 legis
488 2751 696 2814 ecclesiasticae
709 2797 718 2828 ,
733 2757 822 2831 prout
838 2752 981 2813 caeterum
995 2763 1157 2818 constater

192 2840 335 2902 Decretali
351 2840 432 2916 (laod
443 2849 539 2903 votam
550 2837 695 2902 Bonilacii
710 2842 771 2900 Vlll
787 2841 949 2902 ctdoustit.
962 2843 1164 2923 taregnrttttttt

190 2928 365 2992 adscendente
378 2929 511 3006 Borrine,
525 2930 597 2992 anni
612 2933 700 2991 isat.
716 2927 790 2990 Vide
803 2945 894 3009 supra
907 2931 996 3004 (2469
1009 2939 1038 2992 et
1053 2935 1155 3014 atta).

229 3022 316 3082 atet.
340 3018 460 3090 Quaerit.
483 3025 516 3080 4⁰
538 3023 582 3080 An
607 3035 771 3080 concursus
790 3019 940 3098 potestatis
958 3020 1109 3084 saecularis
1121 3025 1158 3086 sit

191 3110 376 3170 necessarius
388 3106 425 3168 atl
440 3107 659 3170 solemnitatem
673 3107 730 3168 voti
746 3107 927 3190 paupertatis
940 3109 1106 3191 religiosae?

228 3198 317 3279 Resp.
340 3197 377 3258 D.
401 3196 533 3258 Carriere
554 3197 586 3258 in
609 3214 664 3258 suo
684 3201 808 3258 tractatu
824 3196 867 3258 De
887 3196 1012 3258 Juatitid
1030 3203 1075 3277 (no
1088 3193 1168 3277 ml

190 3285 294 3348 asserit
305 3283 364 3346 sili
375 3285 556 3366 potattttaa
568 3285 663 3346 videri
670 3293 773 3346 votum
788 3287 967 3366 paupertatis
979 3287 1060 3368 quod
1073 3293 1157 3354 emit·

190 3381 256 3435 tunt
268 3373 404 3435 hodierni
419 3373 547 3456 religiosi
562 3372 679 3447 Galliae,
698 3391 758 3435 non
782 3391 838 3435 esse
854 3381 888 3434 at
904 3376 1028 3438 solemne
1049 3377 1155 3442 haden-

189 3459 269 3535 dam,
286 3479 339 3523 nec
355 3463 479 3542 proinde
492 3463 549 3524 alia
562 3463 623 3524 duo
636 3469 711 3524 vota.
726 3464 810 3524 ilatio
822 3465 972 3546 praecipua
982 3485 1073 3547 quam
1084 3472 1155 3533 alle·

191 3565 260 3628 gare
286 3549 402 3612 videtur
426 3549 493 3634 (tt.)
521 3558 566 3613 est
592 3551 673 3630 qudd
695 3550 735 3612 od
756 3551 846 3631 tapeta
869 3551 984 3614 civilem
1007 3560 1155 3634 pertineat

192 3643 315 3699 statuere
335 3637 370 3702 de
390 3639 430 3702 iit
446 3657 512 3717 puoe
537 3639 698 3710 respiciunt
719 3638 881 3702 dominium
903 3648 935 3702 st
952 3645 1153 3723 petasum
