2522 3996
221 212 260 274 58
440 226 577 272 nanuum
597 225 696 272 renus
716 225 798 272 rums
818 225 966 274 cauomcr.

220 333 290 394 rent
303 331 481 394 interveniat
500 328 684 392 Cathcdralis
705 329 893 408 Capitulum,
916 329 973 411 ipsi
995 331 1197 412 praecedentia

219 419 359 498 debetur;
376 419 524 502 parochus
538 426 610 480 tunc
628 417 702 478 stult
720 418 861 494 indutus,
877 419 1050 482 immediate
1061 425 1196 484 anteca-

219 511 348 592 pitulum
368 509 499 583 incedit;
524 509 548 570 si
563 515 664 569 tamen
678 505 777 568 adsint
791 507 974 570 Cathedralis
994 511 1145 591 parochus
1170 523 1196 574 et

219 601 360 675 Suenda,
376 597 514 681 quamvis
523 595 708 670 amoribiles‚
720 595 919 677 praeferuntur
928 597 1075 681 parocho,
1091 609 1196 684 utpute

219 687 391 750 incedentes
409 689 466 750 sub
485 703 575 750 cruce
593 684 732 766 Capituli.
748 685 824 748 Vide
847 687 953 765 Bouix,
978 687 1020 750 De
1044 689 1194 768 Paroria,

217 797 247 859 p.
264 782 339 853 497;
353 777 501 856 Ferraris,
512 779 543 838 v⁰
558 774 720 852 ramae,
738 781 795 836 art.
811 779 845 852 2,
865 789 898 838 ηο
912 781 969 856 58,
981 783 1053 856 etc,
1069 777 1124 840 ubi
1137 780 1194 842 alia

218 867 422 928 inveniuntur.

259 959 347 1017 trus.
370 954 455 1016 Circa
475 961 596 1035 tempus
619 953 833 1016 inhumationis
851 961 880 1017 et
898 956 1094 1020 caeremonias
1107 958 1195 1020 adhi-

216 1043 329 1105 bendas
343 1044 468 1106 consule
482 1042 603 1105 Itituule
618 1042 781 1104 Romanum
801 1049 831 1106 et
851 1045 967 1108 Slatuta
982 1046 1103 1110 dioeccsi
1119 1067 1194 1129 pro-

218 1133 281 1212 pria
292 1153 300 1210 ;
316 1133 384 1194 vide
397 1133 487 1194 etiam
497 1131 575 1194 inira
587 1131 715 1194 dicenda
727 1133 838 1214 (4685).

259 1223 293 1283 ln
309 1223 430 1284 Ilituolr'
440 1229 536 1283 autern
547 1221 676 1282 Romano
684 1221 808 1283 dicitur:
824 1244 839 1280 o
852 1222 976 1285 Nullum
984 1243 1096 1307 corpus
1108 1243 1196 1307 sepe·

216 1331 231 1369 r
257 1309 357 1386 liatur,
373 1311 538 1393 praesertim
554 1310 579 1372 si
594 1328 675 1372 mors
689 1311 845 1391 repemina
858 1309 966 1388 luerit,
982 1313 1038 1374 nisi
1057 1321 1126 1396 post
1138 1315 1195 1377 de-

216 1423 230 1458 r
256 1399 354 1462 bitum
366 1401 512 1480 temporis
526 1399 715 1462 intervallum
727 1447 734 1472 ,
747 1406 780 1461 ut
794 1400 894 1463 nullus
906 1403 1033 1465 ornnind
1042 1403 1079 1464 dc
1093 1413 1194 1466 morte

217 1511 233 1548 u
258 1489 444 1571 relinquatur
458 1487 615 1550 dubitandi
629 1487 722 1551 locus.
737 1510 752 1548 u

256 1580 323 1641 Non
344 1585 415 1640 suut
435 1579 545 1660 pariter
565 1577 736 1640 omittendae
749 1578 989 1660 praescriptiones
1010 1579 1083 1662 legis
1095 1583 1194 1646 civilis

215 1668 294 1730 circa
312 1667 527 1730 inhumationis
542 1673 682 1750 tompus:
698 1669 741 1729 sic
755 1675 854 1730 autem
869 1667 958 1732 habet
970 1670 1069 1732 Codex
1089 1679 1194 1735 noster

215 1757 325 1820 civilis:
342 1762 432 1820 ann.
449 1762 548 1820 77.-
561 1760 686 1819 Aucune
703 1756 889 1820 inlrurnation
906 1777 945 1820 ne
957 1777 1024 1820 sera
1036 1759 1105 1822 faite
1119 1779 1193 1824 sans

215 1870 230 1904 n
255 1866 315 1909 une
329 1849 523 1910 autorisation
541 1863 593 1908 sur
609 1846 712 1928 papier
731 1846 805 1908 libre
818 1856 848 1908 ct
861 1865 931 1910 sans
948 1847 1035 1925 imis,
1050 1847 1088 1910 de
1102 1849 1191 1912 l’olli·

215 1957 230 1994 r>
254 1937 317 1998 cier
336 1937 374 1998 de
402 1936 484 1997 l'c'tat
501 1934 607 1998 civil...
623 1940 726 2016 etque
748 1939 787 1998 24
808 1936 918 1999 heurcs
938 1939 1026 2020 apres
1039 1938 1067 2000 le
1080 1937 1190 2019 doces,

215 2047 230 2082 n
255 2025 325 2088 hors
339 2025 382 2088 les
396 2043 447 2088 cas
460 2025 569 2106 prevus
582 2043 636 2104 par
651 2023 693 2086 les
707 2025 890 2105 rtglements
903 2025 940 2088 de
955 2027 1061 2108 police.
1079 2049 1094 2086 r

254 2117 382 2177 Decreto
396 2115 466 2175 rerd
480 2115 518 2176 23
530 2113 596 2192 julii
612 2117 705 2184 1805,
720 2115 764 2176 sic
773 2114 932 2177 statuitur:
947 2115 1192 2180 attestdatendu

214 2225 230 2262 r
254 2205 354 2266 auus
376 2205 483 2280 crues,
498 2202 721 2266 desserrants...
745 2202 848 2266 d’allcr
871 2203 950 2266 lever
967 2223 1067 2267 aucun
1079 2223 1189 2288 corps,

214 2316 229 2355 r
254 2293 292 2356 de
304 2293 543 2374 l'accompaguer
563 2291 633 2355 hors
655 2292 693 2354 de
711 2291 843 2374 l'dglise‚
859 2293 932 2374 qu'il
952 2312 991 2355 ne
1011 2293 1077 2356 leur
1092 2313 1190 2377 appa-

213 2417 233 2444 „
256 2384 348 2445 raissc
366 2383 404 2445 de
419 2381 630 2444 l'autorisation
654 2381 774 2444 donnde
796 2400 850 2464 par
868 2381 1001 2445 l'otiicier
1022 2383 1089 2446 civil
1111 2404 1192 2465 pour

214 2493 229 2532 r
254 2471 483 2548 l'inhumatiom
499 2473 516 2532 t
530 2471 620 2552 peine
628 2471 722 2533 d’ttre
736 2471 889 2552 poursuivi
903 2491 1022 2535 comme
1033 2479 1191 2536 contrere-

214 2583 230 2622 n
254 2571 327 2624 nant
340 2581 399 2624 aux
413 2561 477 2622 lois.
494 2582 510 2620 »
528 2560 666 2623 Defuncti
690 2561 818 2642 proximi
842 2561 995 2624 licentiam
1013 2581 1085 2626 eum
1098 2563 1191 2626 inhu-

214 2652 316 2716 mandi
334 2659 434 2734 petere
447 2657 598 2714 tenentur.
611 2649 686 2712 Vide
701 2653 856 2732 Lequeux,
875 2663 911 2712 n⁰
924 2655 993 2716 978.

253 2742 332 2804 Nihil
356 2742 535 2823 generaliter
562 2739 700 2802 statuitur
720 2742 738 2801 t
755 2741 824 2818 jure
841 2742 988 2804 canonico
1000 2743 1080 2804 circa
1099 2742 1192 2806 inter-

213 2832 325 2895 vallum
347 2830 430 2912 quod
451 2829 635 2894 intercedere
652 2828 741 2891 debet
759 2829 837 2890 inter
854 2837 983 2893 mortem
1000 2837 1032 2893 et
1051 2830 1192 2895 inhuma-

214 2922 342 2984 tionem.
354 2921 429 2983 Vide
439 2927 541 2983 tamen
554 2920 704 2995 Frueris,
719 2927 750 2981 v⁰
760 2918 942 3000 Sepultura,
960 2931 994 2982 n⁰
1007 2923 1077 2982 atu.

254 3013 460 3074 ttae-111.
476 3009 529 3072 Jus
551 3007 742 3071 declamante
762 3027 799 3070 ec
816 3008 968 3090 [atteritur
984 3009 1190 3092 provenientia

212 3101 408 3184 percipiendi.

254 3193 403 3264 Quaeritur
418 3194 448 3252 t⁰
470 3192 515 3250 dn
529 3188 621 3270 possit
631 3189 780 3270 parochus
794 3187 927 3271 legitime
942 3187 1054 3270 aliquid
1068 3189 1190 3270 exigere

213 3300 269 3364 pro
283 3280 380 3343 officio
396 3277 580 3360 sepulturae?

253 3373 343 3451 ltcsp.
362 3373 392 3430 l⁰
406 3370 526 3430 Certum
541 3373 585 3429 est
599 3367 672 3430 nihil
685 3369 799 3450 possea
813 3367 997 3451 pauperibus
1011 3368 1101 3452 exigi.
1112 3369 1188 3433 Vide

215 3459 336 3523 Ritunle
348 3459 520 3520 Romanurn.

254 3551 286 3610 2⁰
300 3546 405 3620 Quoad
419 3545 507 3608 alios:
521 3546 672 3629 relegitur
684 3547 723 3612 de
737 3547 828 3611 modo
842 3547 1006 3630 sepeliendi
1015 3547 1186 3625 ordinario,

215 3636 279 3699 sint
294 3635 526 3698 extraordinarii
541 3639 669 3719 pompa,
686 3641 717 3699 et
733 3643 807 3700 tunc
820 3637 928 3700 seclusit
941 3637 1143 3702 consuetudine
1156 3640 1188 3702 r'n
