2528 3996
213 195 272 260 522
431 213 568 260 utantur
588 212 689 260 mnus
708 213 791 261 rums
811 211 958 262 canumet.
1236 203 1237 244 t

213 313 259 376 vel
273 359 280 382 ,
295 318 329 376 ut
343 318 426 396 putat
439 314 566 389 Suarez,
580 311 605 374 si
620 319 734 375 servato
750 312 869 393 integro
884 312 1010 392 habitu,
1034 313 1227 380 saeculares

213 409 309 466 vestes
323 402 579 483 superinduantur
593 409 623 463 et
636 403 713 464 absit
726 401 913 466 scandalum.
924 402 999 465 vtde
1014 422 1073 486 ap.
1098 406 1223 478 Bouix,

214 491 260 555 De
275 491 431 572 Regulum,
446 497 521 554 tom.
538 495 574 565 2,
589 511 622 574 p.
638 494 715 568 585,
731 498 789 554 eto.

254 597 343 656 2822.
361 628 399 642 -
413 598 445 658 2⁰
463 595 529 655 Non
545 591 660 656 videtur
674 593 909 676 quddPraelatus
923 593 1079 676 regularis
1097 595 1218 658 habeat
1237 595 1238 600 ’

217 690 394 764 potestatem
408 681 601 764 dispensandi
615 682 695 744 eirea
713 681 927 764 obligationem
951 683 1102 764 gestandi
1127 683 1217 744 halti-

217 779 282 834 tum
297 773 492 854 religiosum:
509 771 579 852 quia
591 769 656 834 lateo
670 777 814 853 potestas,
829 771 929 852 inquit
942 772 1079 850 Suarez,
1095 773 1212 834 nulliti

217 860 327 939 injure
350 860 500 922 invenitur
520 859 588 922 data
604 860 755 936 Praelatis3
771 859 990 922 recurrendum
1007 867 1054 922 est
1071 879 1162 942 ergo
1177 862 1212 922 al

218 951 248 1011 S.
274 949 462 1011 Pontificem.
486 949 520 1010 ln
543 948 634 1011 dubio
650 956 750 1012 tamen
769 967 808 1010 an
831 948 908 1011 adsit
928 968 1016 1012 causa
1042 949 1212 1012 sufficiens
1238 979 1239 1024 t

218 1037 387 1100 dimittendi
402 1037 554 1114 habitum,
570 1043 698 1119 possunt
711 1039 886 1121 Superiores
903 1039 1058 1101 declarare
1072 1041 1213 1102 authen
1238 1033 1239 1102 ἶ

218 1126 277 1189 tice
290 1143 411 1189 eausam
426 1145 491 1190 esse
505 1127 713 1191 sutlioientem.
730 1127 805 1191 Vide
820 1129 933 1206 Bouix,
949 1135 1025 1190 tom.
1036 1132 1069 1198 2.
1083 1149 1121 1212 p.
1134 1134 1207 1192 seu.

602 1323 756 1384 auderunt
772 1325 817 1381 ttt.

394 1467 432 1514 on
451 1465 645 1513 ouuoartons
668 1463 841 1508 euausunau
862 1461 1005 1508 suaviam

259 1606 392 1670 2823.-
403 1605 426 1664 Ι.
443 1601 487 1664 De
501 1597 636 1662 clausuri
650 1596 729 1680 opud
736 1595 813 1659 uiros
820 1617 832 1658 :
842 1596 1018 1679 regulariter
1027 1595 1202 1679 loquendo,

221 1693 367 1776 religiosis
381 1691 494 1772 absque
510 1689 626 1750 Praelati
641 1687 760 1749 lieentia
778 1687 959 1748 econrentu
973 1685 1056 1747 exire
1079 1705 1147 1748 non
1167 1689 1202 1748 li·
1240 1695 1241 1726 ³

220 1791 267 1846 eet
283 1803 291 1859 ;
308 1787 423 1844 constat
436 1797 493 1842 usu
507 1778 645 1840 omnium
655 1775 860 1856 Religionum,
875 1781 903 1836 et
916 1775 1097 1836 tenentDD.
1115 1795 1200 1837 orm-

221 1871 374 1945 muniter;
390 1872 512 1949 insuper
530 1866 643 1928 Conoil.
658 1863 792 1927 'trident
809 1863 848 1926 eit
865 1883 872 1924 :
897 1865 992 1925 allon
1007 1863 1096 1924 liceat
1109 1883 1200 1946 regu-

221 1983 235 2019 »
260 1959 371 2021 laribus
386 1959 402 2019 lt
417 1957 479 2018 suis
497 1954 692 2018 conventibus
715 1951 872 2029 recedere,
894 1951 983 2014 etiam
999 1959 1151 2033 praeteutu
1164 1954 1199 2014 ad

221 2071 235 2107 n
261 2047 436 2128 Superiores
450 2063 521 2106 suos
535 2041 719 2118 aeeedendi,
735 2041 792 2102 nisi
811 2041 849 2103 ab
865 2041 909 2103 eis
933 2039 1015 2102 missi
1030 2047 1085 2102 aut
1102 2043 1198 2105 vocati
1241 2089 1242 2094 η

221 2159 235 2196 r
261 2135 381 2198 luerint.
398 2157 413 2192 n
431 2134 522 2212 (Sess.
539 2137 597 2206 25,
614 2151 681 2214 cap.
697 2135 736 2211 l,
755 2131 796 2194 De
810 2129 966 2212 deputor.)
1241 2141 1242 2146 ’

260 2239 397 2301 Diximus
411 2234 591 2317 regulariter
606 2257 615 2295 .·
631 2234 701 2316 quia
724 2232 876 2296 interdum
899 2233 996 2294 exitus
1015 2231 1054 2294 ad
1079 2239 1196 2316 tempus

224 2336 319 2412 potest
346 2344 411 2390 esse
438 2324 625 2387 necessarius
643 2341 679 2384 ex
702 2321 845 2385 charitate
872 2320 1020 2402 proximi,
1045 2321 1085 2383 ad
1113 2323 1196 2386 illum

224 2435 332 2500 nempe
347 2411 585 2498 protegendum,
606 2412 652 2473 rel
673 2411 728 2492 ipsi
748 2410 886 2472 morienti
907 2427 961 2489 per
975 2408 1197 2474 absolutionem

223 2504 482 2579 subveniendum,
498 2501 543 2564 vel
558 2499 631 2582 quid
645 2499 763 2575 simile;
779 2497 831 2560 sed
844 2545 851 2570 ‚
868 2497 893 2559 si
904 2497 969 2558 lieri
983 2499 1092 2580 possit,
1107 2505 1197 2562 etiam

223 2599 254 2660 in
268 2593 440 2676 hujusmodi
454 2591 593 2668 casibus,
610 2587 738 2672 petendu
751 2593 797 2650 est
815 2588 833 2648 d
856 2585 1061 2669 superioribus
1079 2587 1197 2672 licentia

224 2683 408 2770 egrediendi.
1088 2711 1091 2716 ¹

262 2793 353 2851 2824.
376 2784 501 2850 Praelata
522 2780 651 2846 exeundi
677 2779 839 2863 prohibitio
869 2779 969 2861 potius
994 2779 1063 2858 jure
1093 2783 1197 2864 guber-

225 2877 314 2942 nandi
330 2881 360 2938 et
373 2871 561 2938 custodiendi
581 2871 747 2946 subditum,
763 2867 845 2951 quod
859 2867 897 2930 ad
918 2870 1095 2952 Superiores
1109 2875 1195 2954 perti·

169 2963 174 2976 “
227 2972 293 3042 net,
309 2963 483 3041 instituitur,
503 2965 595 3044 quim
615 2961 714 3042 aliqud
737 2957 963 3040 praescriptione
976 2959 1091 3037 repnte
1107 2979 1115 3023 ε
1130 2969 1196 3026 sunt

226 3055 310 3117 onim
324 3052 436 3132 regulae
450 3069 518 3132 quae
533 3051 589 3113 sub
612 3054 734 3132 peceato
753 3065 815 3108 non
830 3046 965 3127 obligant
983 3054 1015 3108 et.
1035 3055 1136 3112 tamen
1152 3071 1195 3132 ge

226 3141 318 3204 neruli
344 3141 409 3220 lege
432 3139 606 3220 prohibetur
620 3135 767 3218 religiosis
790 3135 808 3198 ὸ
831 3135 1013 3197 monasterio
1027 3140 1096 3201 orne
1109 3141 1195 3222 Supe

226 3229 314 3294 rioris
328 3227 447 3291 lieentia
460 3227 573 3310 egredi.

268 3332 494 3395 2825.Violatio
504 3331 594 3410 hujus
604 3327 1194 3412 prohibitionisestpeceatummortaleer

227 3441 336 3505 genere
349 3439 422 3496 suo,
438 3420 503 3482 lieri
517 3428 613 3501 potest
626 3427 727 3480 tamen
741 3417 857 3480 veniale
872 3418 912 3479 ob
922 3419 1100 3500 parvitatem
1110 3433 1193 3485 mate-

229 3512 279 3573 riae
292 3531 298 3570 :
311 3511 333 3572 si
349 3529 377 3572 r.
395 3530 443 3590 g.,
458 3527 512 3589 per
525 3525 719 3569 communem
732 3507 856 3585 januam
869 3505 931 3568 duo
945 3507 1077 3588 religiosi
1091 3511 1194 3574 exirent

229 3599 319 3680 pautd
332 3604 399 3680 post
408 3595 565 3660 reversuri.
578 3597 621 3658 lta
633 3597 743 3658 Suarez
752 3594 886 3668 (rnudD.
900 3595 1007 3676 Bouix,
1018 3595 1075 3676 id,
1086 3603 1155 3661 torn.
1167 3605 1192 3674 Ξ,
