2522 4028
176 259 232 324 tur
389 268 528 322 uturum
546 268 649 320 sonus
667 269 750 320 runis
769 272 915 322 canonici.

214 374 303 436 lli-l.
326 369 554 435 Observandum
580 377 681 434 umen
701 367 884 454 iampridem
898 371 1042 432 statutum
1056 365 1150 430 luisse

178 461 259 524 lSS.
283 460 477 524 Pontificibus
494 467 526 522 ut
548 460 624 524 sicut
639 477 751 521 nomen
769 462 873 541 Papae,
895 457 968 519 olim
991 457 1153 539 Episcopis

178 568 356 622 commune,
372 549 426 612 soli
443 569 526 613 nunc
538 551 676 612 Romano
690 548 843 626 Pontifici,
859 548 899 610 ita
918 564 1029 609 nomen
1046 545 1153 606 Cardi-

180 640 291 702 nalium
319 638 389 701 eolis
407 641 551 701 Romanae
571 637 711 700 Ecclesiae
731 635 939 700 cardinalibus
956 635 1152 696 tribueretur.

178 727 351 809 Excipiendi
371 735 442 790 surrt
463 729 533 790 vero
555 728 697 790 canonici
718 729 749 790 S.
772 725 877 789 lacobi
896 723 1105 806 compostellae
1123 730 1156 784 et

180 817 300 900 quidam
311 815 372 894 atil,
384 816 494 898 quibus
503 835 538 878 ex
553 816 671 880 indulto
679 815 799 899 speciali
811 832 924 877 nomen
938 813 1012 876 illud
1021 811 1156 874 retinere

183 906 360 990 permissum
373 913 429 969 cst.
445 939 484 952 -
498 905 573 968 Vide
589 907 683 969 Bouix
698 903 796 985 (ibid,
812 923 843 986 p.
859 906 920 983 22).

629 1073 647 1153 §
659 1075 695 1134 Π.

313 1201 359 1265 De
371 1200 493 1264 assentit
506 1209 535 1264 el
549 1199 642 1262 uariis
654 1199 798 1282 aperiebam
813 1199 1031 1283 capitulorum.

220 1353 310 1413 illl.
333 1350 409 1412 Cium
426 1365 527 1412 rerum
548 1347 684 1409 essentiae
706 1345 922 1428 dignoscantur
935 1349 1103 1429 praesertim
1119 1368 1159 1412 ex

181 1457 285 1502 earum
305 1437 500 1509 definitione,
520 1435 683 1498 dicendum
703 1445 748 1497 est
769 1435 819 1497 hlc
843 1435 996 1516 quomodo
1019 1439 1159 1519 capitula

182 1530 242 1591 siut
253 1526 443 1590 delinienda:
458 1533 488 1589 et
501 1526 599 1609 primd
614 1524 737 1606 quidem
751 1523 824 1606 quid
845 1524 1027 1607 intelligetur
1039 1545 1096 1608 per
1110 1527 1159 1610 ip-

182 1635 361 1681 semuncem
377 1616 561 1698 Capitulum.

221 1708 325 1769 Varias
338 1705 573 1788 significationes
586 1705 677 1768 habel
690 1705 870 1768 vocabulum
882 1703 977 1766 istud:
994 1713 1160 1787 usurpetur

182 1796 264 1858 enim
280 1801 310 1858 l⁰
323 1815 378 1877 pro
392 1793 582 1856 distinctione
597 1795 687 1858 unius
702 1795 833 1856 laetoriae
844 1793 882 1856 ab
895 1793 972 1856 atta:
988 1812 1024 1856 ex
1039 1813 1101 1876 quo
1116 1797 1165 1858 di-.

183 1893 292 1948 cuntur
320 1883 459 1964 t'opr'tulo
487 1883 705 1954 Demetrium,-
721 1886 753 1945 2⁰
779 1903 835 1964 pro
854 1883 985 1964 Collegio
1006 1889 1160 1948 certarum

184 1992 380 2056 personarum
403 1973 687 2045 ecclesiasticarum,
704 1973 793 2035 alicui
817 1973 949 2036 ecclesiae
964 1980 1016 2034 aut
1039 1991 1160 2037 monas-

186 2063 258 2125 terio
272 2063 487 2144 ascriptarum:
503 2063 751 2144 sicquevoeatum
762 2061 1038 2145 quddGapitulaibi
1053 2063 1160 2146 legan-

184 2160 241 2215 tur.
259 2151 384 2232 (Bnuix,
399 2152 444 2214 De
465 2151 637 2234 Capitulis,
653 2171 682 2234 p.
699 2153 766 2235 50.)

223 2245 257 2303 ln
274 2240 332 2304 hoc
345 2241 479 2304 mcundo
499 2260 591 2303 sensu
604 2261 660 2303 vox
674 2241 846 2324 Capitulum
860 2243 1003 2325 accipitur
1017 2243 1046 2304 in
1060 2243 1161 2324 capite

185 2331 345 2414 praesenti,
360 2331 413 2392 sed
427 2331 470 2392 sic
484 2337 642 2412 acceptum
657 2349 718 2393 non
732 2339 776 2394 est
789 2330 874 2394 valde
888 2334 1065 2414 antiquum,
1086 2337 1160 2396 cium

185 2439 246 2482 non
270 2421 435 2502 reperiatur
449 2421 479 2482 in
494 2419 634 2482 Conciliis
657 2421 853 2503 aquisgranae
867 2429 895 2483 et
909 2422 1071 2503 lllogunliae
1085 2423 1158 2484 noni

184 2510 286 2573 saeculi
299 2557 308 2588 ,
320 2510 351 2571 in
366 2510 477 2592 quibus
490 2516 592 2572 tamen
607 2510 706 2592 agitur
719 2509 757 2572 de
767 2509 927 2574 Canonicis
936 2507 1044 2589 (ibid).

223 2603 314 2662 2155.
337 2599 442 2672 Quoad
461 2616 544 2674 rem,
567 2617 624 2661 vox
648 2598 819 2680 Capitulum
833 2599 995 2681 aliquando
1021 2599 1159 2684 designat

186 2695 280 2751 certas
289 2689 472 2770 regularium
487 2689 755 2770 congregationeS‚
767 2687 828 2750 sive
838 2688 1032 2770 particulares
1043 2691 1073 2751 in
1085 2711 1161 2754 uno·

184 2795 307 2858 quoque
326 2777 528 2856 monasterio,
550 2777 611 2838 sive
629 2776 784 2858 generales
806 2777 940 2858 plurium
964 2782 1161 2842 monasterie

186 2883 252 2926 rum
267 2884 321 2927 seu
331 2866 430 2946 potius
443 2865 655 2948 deputatorum
665 2867 682 2928 a
691 2866 828 2947 pluribus
839 2865 1038 2945 monasteriis,
1049 2867 1159 2932 alicubi

186 2955 312 3036 singulis
326 2955 413 3016 arinis
427 2955 635 3032 adunantium,
648 2973 703 3036 pro
714 2954 876 3017 tractandis
886 2957 977 3018 totius
986 2955 1106 3019 Ordinis
1115 2962 1158 3019 vel

186 3043 312 3122 alicujus
325 3045 486 3125 prouincia¹
496 3045 589 3123 ipsius
599 3044 736 3126 negotiis.
748 3046 791 3105 De
799 3045 941 3126 Capitulis
950 3063 993 3106 stc
1003 3045 1159 3109 intellectis

188 3148 249 3193 nnn
263 3133 361 3213 agitur
375 3135 406 3194 in
420 3133 560 3215 praesenti
575 3133 682 3215 capite.

225 3223 282 3283 Per
296 3221 432 3302 capitula
445 3229 547 3283 autem
572 3221 619 3282 hle
639 3221 866 3303 intelliguntur:
889 3221 1020 3305 Colleqio
1038 3224 1158 3285 elerico-

189 3329 252 3372 rum
272 3311 326 3390 qui
344 3309 396 3370 sub
420 3307 549 3371 Prteloto
562 3311 730 3386 constituti,
747 3331 836 3372 uuum
850 3331 952 3394 corpus
973 3312 1116 3394 efficiunt,
1133 3321 1160 3374 et

187 3398 223 3456 ab
237 3397 372 3458 Ecclesiti
385 3397 480 3460 cultui
492 3398 593 3460 diuino
602 3400 718 3481 publico
726 3399 915 3463 addicuntur.

111 3557 113 3560 .
226 3488 315 3546 2156.
339 3486 474 3567 Capitula
495 3486 668 3550 dividuntur
688 3492 719 3551 t⁰
733 3492 766 3550 ln
789 3489 980 3552 Cotiedrulio
1007 3497 1036 3554 el
1063 3491 1158 3556 Colle·

186 3572 290 3651 picto:
305 3570 506 3644 Cotiedrult'c,
523 3583 594 3638 sunt
608 3576 656 3638 illa
666 3595 734 3658 quae
748 3577 780 3638 t'n
797 3577 943 3655 Ecclesia,
962 3579 993 3639 iu
1007 3577 1064 3662 qud
1074 3579 1158 3641 Sedes

189 3657 330 3742 Epiuupi
343 3659 441 3741 defixo
455 3671 516 3742 est,
532 3664 670 3728 instituto
687 3665 774 3740 suere
786 3665 827 3726 ud
836 3665 1042 3728 auxiliandum
1053 3676 1083 3728 et
1095 3687 1155 3744 sup
