2522 3996
450 289 534 336 mauu
557 289 673 335 ruluuS.

452 473 608 534 ruuoruu
628 473 660 532 lt.

158 609 197 655 mr
217 610 432 656 rancouuauu
453 609 658 656 messanum
678 609 717 655 rr
737 609 954 656 smraassrorm.

106 755 197 814 1323.
213 785 254 799 -
270 756 301 814 l⁰
317 751 443 815 Alterari
457 748 566 814 dieitur
578 750 762 815 beneficium
777 750 901 834 quando
919 753 960 815 ita
975 769 1041 816 mu

66 845 145 904 tatur
159 843 226 922 ejus
239 848 334 906 status
348 849 380 904 ut
393 840 510 904 desinat
523 857 589 903 esse
602 839 738 920 eiusdem
753 840 874 922 speciei.

107 931 198 994 Solus
214 935 293 1013 Papa
307 937 404 1013 potest
424 939 542 992 mutare
565 929 697 1011 aliquam
716 929 875 992 eeclesiam
893 932 1046 1014 parochia·

67 1017 128 1080 lem
147 1019 177 1080 in
194 1019 420 1085 cathedralem.
438 1017 484 1080 uel
501 1018 532 1080 in
547 1017 755 1099 collegiatam,
770 1019 817 1080 uel
830 1021 998 1102 regularem
1014 1023 1044 1085 in

68 1107 256 1187 saecularem,
272 1115 302 1170 et
316 1107 493 1170 saecularem
506 1107 539 1168 in
554 1109 735 1190 regularem.
751 1111 793 1170 lta
806 1111 950 1188 Lauren,
965 1111 1043 1193 apud

70 1199 187 1275 Bouix,
203 1198 258 1274 ib„
275 1218 305 1280 p.
323 1199 391 1260 299.

109 1289 278 1369 Episcopus
291 1291 437 1369 potestate
459 1289 514 1350 sut
527 1285 678 1350 ordinarit
698 1294 815 1352 mutare
833 1294 931 1371 potest
948 1289 1043 1352 ecole-

70 1377 146 1437 siam
165 1377 335 1458 simplicem
349 1377 381 1438 in
400 1384 551 1454 curatam,
573 1395 635 1439 non
655 1385 757 1464 tamen
775 1378 840 1442 vioe
857 1381 960 1455 versa,
975 1380 1044 1460 quia

69 1465 100 1526 id
114 1467 143 1528 ei
159 1467 313 1528 inhibetur
325 1465 485 1528 ttTrident.
501 1467 592 1546 (Sess.
604 1471 654 1542 35,
666 1487 732 1551 cap.
746 1473 805 1548 10).
817 1467 901 1532 idem
915 1470 1043 1533 Leuren.

72 1555 136 1634 (10.)
156 1555 262 1617 asserit
283 1554 323 1616 de
351 1555 517 1618 mutatione
548 1557 683 1620 eeclesiae
706 1558 885 1620 suocursalis
907 1557 939 1620 in
961 1577 1046 1641 paro

71 1643 170 1705 chiam
183 1645 286 1706 stricte
300 1642 422 1706 dietam.
438 1644 514 1707 Vide
527 1663 618 1728 supra
631 1649 711 1726 (310,
728 1649 826 1726 1330).

111 1736 200 1795 1311.
216 1765 258 1780 -
273 1737 307 1794 2⁰
325 1734 503 1816 Suppressio
525 1743 571 1796 est
590 1737 731 1798 extinctio
746 1735 823 1798 tituli
844 1734 1045 1815 beneficialis,

70 1825 159 1902 eujus
173 1822 288 1886 tructus
303 1823 327 1884 si
343 1830 459 1886 exstent
472 1823 538 1886 aliis
552 1824 707 1887 beneficiis
720 1833 772 1888 aut
786 1825 859 1888 loeis
876 1825 934 1908 piis
951 1826 1046 1908 appli-

71 1919 195 1989 cantur3
210 1917 307 1994 potest
331 1919 432 1976 autem
451 1913 617 1996 Episcopus
635 1921 698 1976 tum
715 1915 871 1978 ecelesiam
894 1915 1048 1996 parochia·

71 2001 134 2064 lem
147 2009 211 2064 tum
226 2009 333 2064 catera
345 2001 492 2064 beneficia
506 2005 694 2086 supprimere
710 2003 744 2066 iis
759 2005 789 2064 in
804 2005 922 2066 casibus
936 2005 1046 2085 quillus

71 2109 107 2153 ea
130 2097 227 2172 potest
245 2093 334 2153 unire
354 2091 527 2168 accesserit,
547 2094 660 2175 quippe
681 2093 731 2154 illa
750 2095 823 2155 unio
845 2111 907 2154 non
928 2093 962 2154 fu
980 2095 1046 2156 sint

72 2180 296 2261 suppressione.
312 2181 355 2242 lta
369 2182 510 2258 Lauren,
527 2200 575 2264 ap.
594 2183 688 2246 Bouix
710 2184 777 2264 lib„
796 2202 827 2265 p.
847 2187 905 2246 299
919 2189 950 2245 et
963 2185 1043 2266 300).
1140 2231 1142 2238 .

72 2270 148 2332 l'ide
160 2268 239 2332 dieta
248 2287 341 2353 supra
354 2271 520 2353 (360367).

524 2468 606 2552 srv.

92 2615 138 2680 De
156 2613 294 2679 canonici
314 2616 418 2678 11111110
432 2615 574 2698 parochos
594 2614 773 2680 instituendi
790 2624 820 2680 et
839 2618 1016 2684 remouendi.

114 2794 205 2854 ¹325.
222 2791 345 2863 Ouaerit.
363 2794 393 2852 l‘·
403 2791 475 2862 Quis
489 2791 585 2854 valeat
596 2790 743 2873 parochos
757 2791 936 2856 institueret

112 2883 205 2962 Resp.
231 2881 311 2942 lluio
335 2879 493 2960 quaestioni
517 2881 715 2943 satisfecimus
737 2898 827 2962 supra
851 2883 938 2964 (151,
960 2886 1045 2968 155).

74 2971 208 3034 Sufficiat
221 2986 292 3050 ergo
309 2968 359 3031 hle
378 2968 517 3051 quadan
531 2970 659 3050 adjicere
674 2987 730 3052 pro
748 2973 884 3052 paroeciis
897 2993 966 3057 quaa
979 2982 1048 3039 suut

74 3061 132 3124 sub
145 3066 315 3142 patronatu.

112 3153 148 3213 ln
165 3146 340 3226 hujusmodi
353 3147 492 3229 paroeciis
510 3155 626 3212 certum
640 3157 685 3214 est
698 3151 815 3215 nullum
829 3171 918 3234 posse
935 3154 1048 3218 institui

76 3247 225 3303 rectorem
249 3237 305 3298 nisi
330 3255 384 3318 per
404 3247 565 3319 patronum
588 3239 626 3301 sit
639 3250 836 3322 presentatus
855 3243 882 3303 ei
901 3242 938 3304 ad
957 3263 1050 3326 quam

76 3334 191 3412 spectat
204 3325 359 3388 institutio.
369 3329 407 3391 Ut
419 3336 521 3390 autem
535 3328 630 3391 valeat
643 3331 831 3411 praesentatio
845 3331 962 3394 debota
978 3353 1051 3416 prae·

77 3425 193 3482 sensato
206 3415 369 3497 acceptari,
381 3419 443 3478 etsi
454 3417 555 3497 plures
569 3427 798 3500 praesententur,
810 3419 921 3483 habent
933 3426 1049 3488 tantum

77 3509 125 3587 jus
137 3513 172 3570 ut
186 3523 267 3568 unus
285 3523 321 3567 ex
336 3505 408 3586 ipsis
421 3515 600 3588 acceptetur.
623 3513 650 3570 ls
664 3508 702 3570 ad
715 3528 807 3591 quem
829 3513 957 3590 pertinet
971 3515 1052 3572 insti·

80 3597 172 3674 tutio,
187 3593 276 3656 debet
294 3595 556 3675 praesentationem
577 3597 686 3660 tactam
709 3605 863 3678 acceptare
882 3617 942 3658 non
964 3599 1050 3657 abso-

81 3684 161 3762 lute,
177 3681 315 3746 1110111111
330 3681 460 3746 formula
472 3683 667 3748 conditionali
677 3684 704 3745 a·
717 3691 747 3745 et
759 3684 914 3764 quantam,
929 3681 958 3740 id
971 3688 1015 3740 est
1027 3684 1051 3738 st
