2486 3984
192 285 249 348 {22
412 299 549 346 uauuann
569 299 670 345 rorrus
689 299 770 346 vunrs
790 299 939 346 cauourcr.

191 410 292 466 tamen
306 401 378 484 quid
392 401 472 465 dicat
484 402 564 464 circa
576 401 702 464 venialia
716 403 747 466 S.
762 403 883 484 Lignor.
904 401 970 475 (lib.
987 405 1025 479 6,
1041 404 1076 463 n⁰
1092 407 1158 484 586)

192 493 244 574 qui
260 493 382 573 insuper
395 491 476 554 addit
497 489 566 564 (it,
584 499 617 552 n⁰
631 494 700 569 576)
715 491 798 573 quod
816 490 969 572 quamvis,
982 491 1065 569 iuxta
1078 511 1158 554 coin-

194 582 364 644 muniorem
381 585 411 642 et
433 581 579 642 veriorem
603 581 797 656 sententiam,
811 579 909 642 valida
922 580 961 641 sit
979 579 1041 658 (sed
1061 587 1160 644 umen

193 671 305 748 illicita)
326 669 485 732 reservatio
507 669 584 731 facta
602 669 667 730 sine
686 670 766 750 justa
786 672 894 740 coust,
915 669 1045 730 limitant
1062 677 1160 732 tamen

194 761 236 822 De
246 761 328 840 lugo
342 767 371 820 et
384 759 467 822 Ciera
485 781 500 818 o
517 765 646 838 respectu
657 759 850 840 parochorum
863 804 871 834 ‚
882 757 906 818 si
919 763 1001 819 tanta
1014 757 1052 818 sit
1066 775 1162 820 reser-

194 871 209 909 υ
232 850 310 911 vatio
325 857 358 912 ut
375 848 526 910 moraliter
540 865 600 908 non
617 848 733 928 possint
749 865 839 909 suum
857 847 990 908 officium
1004 865 1160 926 exercere,

194 961 209 998 n
234 946 306 1000 tunc
328 945 427 1000 nutem
451 937 501 1000 illa
526 937 686 999 reservatio
712 941 831 1000 tantum
858 943 936 999 esset
963 935 1068 1016 nulla,
1096 955 1163 1018 quae

195 1050 210 1087 n
234 1034 348 1090 esset...
361 1027 519 1089 excedens.
535 1048 550 1085 n

235 1120 322 1178 l5tll.
337 1151 375 1162 -
386 1119 417 1177 2⁰
431 1116 599 1179 Externum
613 1135 625 1178 .·
639 1125 774 1198 quamvis
789 1114 923 1178 absolute
937 1121 1058 1196 peccata
1072 1115 1160 1178 etiam

196 1207 278 1268 ruere
296 1206 413 1267 iuterna
435 1207 547 1287 possint
566 1207 708 1268 reservari
721 1254 728 1278 ,
739 1207 821 1282 juxta
836 1205 1013 1266 sententiam
1028 1221 1162 1266 caniniu-

197 1313 286 1370 nem‚
303 1295 434 1356 Ecclesia
446 1303 546 1358 tamen
562 1313 718 1376 nunquam
743 1293 914 1374 hujusmodi
929 1299 1050 1374 peccata
1067 1311 1162 1354 reser-

196 1393 252 1445 vat.
265 1383 339 1444 l'ide
354 1385 384 1446 S.
402 1384 535 1464 Lipuor„
552 1385 603 1446 lin.
620 1389 654 1460 o,
667 1387 741 1458 586,
757 1382 829 1444 dub.
849 1387 878 1444 2.
895 1417 931 1427 -
949 1381 1008 1443 Sed
1021 1383 1160 1444 reservari

197 1479 320 1555 possunt
335 1479 364 1534 et
377 1473 414 1534 de
425 1474 502 1534 lacto
515 1479 704 1534 reservantur
719 1477 840 1552 peccata
853 1470 975 1532 occulto.

240 1585 255 1622 u
275 1563 480 1624 Communiter
493 1562 602 1624 docent
615 1561 745 1639 theologi
760 1567 916 1640 peccatum
930 1559 1060 1636 veniale,
1076 1569 1163 1642 prout

196 1675 210 1714 o
235 1659 411 1725 externum,
429 1651 495 1713 licet
509 1653 634 1712 interius
648 1669 683 1712 ex
695 1651 801 1711 all'ectu
816 1667 943 1731 pravo..
956 1649 1009 1710 liat
1019 1650 1162 1726 mortale,

196 1765 211 1802 n
236 1761 296 1804 non
307 1759 372 1802 esse
381 1747 563 1802 reservatum
576 1787 582 1806 .
595 1740 652 1800 nisi
667 1739 750 1800 aliter
757 1738 954 1817 judicandum
965 1738 1003 1799 sit
1012 1757 1048 1800 ex
1061 1747 1163 1802 tenore

196 1855 211 1892 n
236 1829 449 1891 reservationis.
471 1849 486 1886 n
508 1827 663 1905 Tlrcolopiu
688 1827 792 1901 Telos,
809 1846 874 1906 cap.
892 1831 931 1903 6,
948 1835 1003 1888 art.
1027 1831 1066 1906 ἓ,
1091 1827 1109 1908 ξ
1132 1833 1161 1890 5.

196 1921 269 1982 Vide
285 1918 374 1978 ctiam
389 1917 420 1977 S.
436 1917 570 1996 Liguor„
587 1915 637 1976 lib.
655 1920 692 1990 6,
706 1925 738 1976 n⁰
753 1921 827 1988 582,
842 1915 915 1977 dub.
932 1919 960 1978 3.

237 2009 324 2068 1598.
341 2038 378 2052 -
394 2007 425 2066 3⁰
437 2005 577 2065 Certum:
590 2006 614 2066 si
629 2005 755 2066 dulvium
769 2005 805 2065 sit
819 2003 903 2080 lacti,
918 2005 1028 2086 nempe
1042 2004 1066 2065 si
1078 2005 1164 2068 dubi·

195 2102 274 2158 tetur
287 2113 324 2156 an
340 2099 495 2174 peccalum
515 2091 604 2156 suerit
621 2095 832 2172 conuuissum,
852 2093 897 2154 vel
912 2112 950 2155 an
965 2094 1003 2155 sit
1020 2096 1163 2178 mortale,

196 2185 258 2247 lere
271 2203 378 2245 omnes
392 2185 453 2244 llD.
471 2183 641 2244 concedunt
654 2183 735 2262 quod
753 2183 901 2264 poenitens
914 2183 1006 2264 possit
1022 2183 1135 2246 absolvi
1147 2187 1164 2246 5

196 2273 323 2354 simplici
338 2271 517 2334 confessario
527 2278 573 2349 ‚ct
581 2271 685 2332 nonsit
696 2272 847 2352 Superiori
862 2271 1084 2348 confitendum,
1096 2273 1165 2336 licet

196 2370 298 2444 postea
311 2361 465 2440 delegatur
478 2367 634 2441 peceatum
650 2359 739 2422 luisse
755 2369 885 2437 certum,
901 2361 971 2442 quia
984 2361 1097 2424 directe
1114 2381 1164 2425 re-

196 2451 322 2512 missurn
336 2450 400 2511 luit.
418 2449 448 2510 Si
460 2455 561 2510 autem
571 2449 697 2511 dubium
708 2451 743 2510 sit
753 2450 847 2528 juris,
858 2451 882 2510 si
894 2467 1001 2532 nempe
1011 2449 1166 2514 dubitetur

196 2547 350 2620 peccatum
376 2556 441 2599 esse
468 2546 669 2616 reservatum,
691 2545 762 2599 suut
781 2537 903 2619 quidem
931 2541 992 2600 DD.
1018 2549 1165 2620 negantes

196 2627 412 2690 absolutionem
427 2645 513 2707 posse
532 2633 605 2687 tuno
619 2626 763 2708 impertiri
781 2628 797 2687 a
821 2625 948 2707 simplici
973 2629 1163 2708 approbato;

196 2723 326 2778 attamen
341 2715 541 2778 communiter
562 2723 679 2777 tenetur
697 2714 809 2776 nullum
829 2721 904 2777 tunc
919 2717 1045 2778 existere
1064 2736 1162 2778 reser-

196 2805 363 2884 vationem,
378 2803 449 2884 quia
463 2805 621 2864 reservatio
635 2809 681 2864 est
693 2804 801 2864 strictae
816 2803 1076 2885 interpretationis.
1089 2809 1113 2868 V
1116 2807 1165 2868 ide

196 2894 227 2955 S.
240 2895 374 2974 Lignum,
389 2891 439 2951 lib.
456 2893 490 2963 6,
503 2903 535 2952 n⁰
546 2895 604 2953 660
615 2895 637 2952 ¹.

236 2985 324 3044 1599.
341 3015 381 3028 -
398 2982 432 3040 4⁰
446 2978 647 3060 Completom:
665 2985 694 3041 et
706 2977 764 3041 hoc
777 2981 875 3042 adhuc
888 2987 1009 3063 propter
1021 2981 1166 3046 eamdem

194 3071 341 3132 rationem
359 3067 443 3150 quod
457 3067 616 3130 reservatio
629 3074 674 3130 est
689 3067 796 3132 striotae
809 3069 1082 3151 interpretationis,
1098 3075 1144 3133 sir
1159 3123 1166 3136 .

197 3165 338 3218 oservato
358 3153 538 3228 homicidio,
555 3169 617 3212 non
630 3153 983 3216 ideoreservantuvsola
997 3155 1176 3216 vulneram

182 3245 366 3323 iarngvavia.
381 3241 454 3302 ltem
465 3259 518 3321 per
528 3241 768 3302 reservationem
779 3242 943 3318 sodomiae,
962 3241 1178 3318 intelligenda

181 3345 225 3394 est
239 3333 377 3395 SOthffllll
388 3330 597 3412 perlecta‚seu
607 3347 749 3390 acropus
763 3331 799 3392 al
811 3331 987 3393 indebitum
999 3351 1128 3406 sexuni,
1145 3343 1178 3392 et

183 3418 1180 3504 perveservarionemincestiusinteiligidebetincestusintravas

214 3567 222 3599 ¹
241 3563 267 3611 ln
279 3565 323 3612 hoo
345 3577 412 3614 casu.
427 3558 595 3623 prescribitur
610 3558 634 3606 in
658 3559 764 3610 lliorcesi
786 3561 955 3612 valentinensi
976 3569 1005 3612 ut
1025 3563 1179 3624 superiores

181 3631 416 3694 consulanturvlllrle
428 3631 555 3690 Orneon..
570 3645 595 3694 p.
606 3629 661 3694 343)
672 3653 701 3668 ·-
710 3633 780 3683 idem
789 3631 851 3682 uicit
861 3635 978 3696 queux
989 3635 1020 3684 de
1030 3635 1090 3684 aliis
1107 3633 1176 3682 dioe·

181 3707 288 3756 coslum.
308 3703 379 3758 tilido
391 3708 418 3752 n·
434 3699 490 3764 tat,
507 3700 560 3754 lll.l
