2522 3996
431 211 516 260 uasa
535 211 653 270 emaus.
992 195 1025 257 at

56 312 118 391 qul
131 309 275 386 discedit,
286 311 381 393 possit
394 313 559 393 percipere,
576 311 643 374 vide
656 330 748 394 supra
761 311 839 375 dicta
851 314 1030 392 (tasi-ouo

56 397 149 461 modo
166 399 292 482 insuper
308 397 424 462 tructus
443 399 582 462 benencit
600 401 661 464 sint
681 399 831 463 dividendi
852 401 929 464 inter
942 421 1029 484 paro·

56 486 150 549 rhum
172 487 346 569 parochiam
369 488 590 570 relinquentem
613 491 675 572 (aut
701 490 795 573 ipsius
815 489 978 570 baeredes),
1001 499 1031 555 et

59 577 226 649 parochum
242 576 381 640 eamdem
395 577 630 658 ingredientem,
645 577 712 642 vido
734 578 904 642 discussum
924 580 956 642 in
969 597 1029 644 nu-

58 667 152 728 meris
165 668 336 744 (535-538).

99 758 192 818 ¹329.
215 755 337 828 Ouaerit.
352 760 385 817 t·
400 757 465 829 Qud
478 755 575 819 iormd
587 757 787 822 constituendi
808 758 868 822 sint
886 756 1032 841 parocbil

98 845 192 926 Resp.
207 845 298 908 Juxta
312 845 479 908 Concilium
496 845 705 908 'tridentinum
718 849 801 925 (sess.
817 852 873 924 at,
888 842 916 910 c.
933 852 980 917 t8,
998 847 1033 910 de

62 931 215 1012 resona),
239 932 442 997 instituendus
464 939 509 996 est
528 952 694 998 concursus
713 935 744 997 in
763 955 824 1018 quo
840 935 1031 1000 examinandi

62 1028 133 1084 sunt
142 1020 293 1084 candidati
304 1069 313 1098 ,
323 1029 354 1084 et
362 1020 491 1104 digniori
502 1031 620 1106 reperto
629 1024 772 1106 parochio
781 1031 825 1087 cst
837 1025 1029 1088 conterende.

64 1114 121 1172 Pro
141 1118 279 1192 ternpore
291 1117 322 1174 et
339 1110 436 1174 lormd
453 1109 544 1191 hujus
566 1116 733 1175 concursus
752 1121 782 1176 et
801 1115 963 1190 examinis,
978 1133 1033 1197 pro

63 1199 242 1262 adhibendis
264 1199 296 1260 in
319 1219 356 1263 eo
371 1201 642 1280 examinatoribus,
667 1202 733 1265 vide
760 1203 873 1266 Concil.
898 1204 1030 1266 Trident.

65 1289 147 1362 (ioco
167 1289 268 1359 citatol
290 1295 320 1350 et
343 1289 466 1371 insuper
480 1289 605 1354 Constit.
630 1291 668 1354 ln
687 1291 867 1372 conferendis
888 1295 919 1356 S.
937 1294 981 1356 Pii
995 1293 1031 1366 V,

66 1381 102 1439 16
118 1379 188 1440 maii
205 1381 302 1454 15673
319 1380 480 1442 Decretum
495 1380 526 1442 S.
548 1380 580 1442 C.
597 1381 689 1443 Cone.
706 1384 744 1443 to
755 1382 819 1461 jan.
836 1386 922 1452 tart,
940 1385 956 1444 t
971 1383 1034 1446 Cle·

67 1470 213 1530 mentelii
221 1467 435 1550 approbatum;
447 1476 476 1530 ct
486 1468 610 1531 Constit.
623 1467 695 1532 Cion
706 1470 784 1531 illud
791 1471 941 1534 Benedicti
952 1475 1032 1536 XlV:

67 1576 180 1638 —quae
193 1559 314 1628 omnia,
337 1557 441 1620 saltem
458 1557 559 1638 quoad
578 1557 792 1634 substantiam,
807 1561 938 1641 reperies
955 1563 1035 1644 apud
1144 1593 1147 1598 ·

66 1647 100 1706 b.
113 1645 210 1708 Bouix
226 1646 285 1726 (De
296 1646 437 1718 Pcrocho,
446 1666 477 1728 p.
493 1648 629 1709 aas-348
638 1665 647 1722 ;
657 1654 688 1709 ct
697 1647 741 1709 tle
754 1648 910 1730 Episcopo,
921 1657 994 1712 tom.
1004 1657 1033 1726 ἢ,

67 1757 96 1818 p.
112 1739 180 1798 373.
198 1738 281 1815 etc).

104 1827 140 1887 ln
152 1824 320 1888 citotlverd
333 1825 549 1888 Constitutione
560 1825 597 1888 In
609 1823 829 1908 cesenates
842 1831 873 1900 3,
889 1829 920 1890 S.
933 1827 1036 1892 PiusV

69 1914 166 1976 nullas
180 1915 339 1997 irritasque
352 1914 487 1977 decernit
505 1935 519 1973 a
533 1933 639 1978 omnes
654 1921 685 1978 ot
697 1916 831 1997 singulas
845 1917 1035 1998 collationes,

68 2027 84 2063 r
108 2003 311 2085 provisiones,
331 2003 532 2066 institutiones
545 2011 575 2066 ct
588 2005 708 2086 quosvis
725 2003 936 2088 dispositiones
949 2025 1036 2089 paro-

68 2115 83 2150 ι)
108 2092 251 2154 chialium
271 2091 485 2164 ecclesiarum,
500 2100 652 2174 proteret
671 2101 776 2156 contra
793 2093 921 2156 formam
934 2095 973 2158 ab
986 2115 1037 2160 eo·

68 2205 83 2239 r
106 2181 176 2244 dem
204 2180 339 2244 Concilio
362 2181 555 2256 Tridentino,
581 2183 745 2264 praesertim
767 2181 799 2244 in
821 2183 960 2247 examine
985 2205 1039 2268 per

69 2295 83 2328 a
107 2289 291 2334 concursum
300 2269 447 2346 iaciendo,
460 2271 680 2352 prescriptam,
694 2270 786 2334 iactas
798 2279 850 2334 aut
859 2272 890 2334 in
904 2272 1039 2338 futurum

69 2383 85 2418 r
110 2357 272 2422 iaciendas.
296 2383 311 2418 s

109 2451 199 2510 1330.
222 2449 300 2510 Sunt
311 2455 414 2511 tamen
427 2448 529 2528 plures
541 2468 629 2513 casus
643 2449 673 2512 in
694 2449 806 2532 quibus
821 2470 882 2515 non
897 2458 941 2515 est
954 2452 1039 2517 adhi-

70 2537 187 2601 bendus
206 2537 368 2620 praedictus
388 2557 577 2603 concursus:
593 2539 751 2602 videlicet:
773 2543 805 2603 t⁰
822 2541 945 2623 quando
959 2541 1041 2606 insti·

71 2627 173 2692 tuendi
195 2635 264 2690 sunt
277 2627 378 2690 vicarii
396 2629 490 2690 curati
506 2629 715 2710 parochiarum
731 2629 897 2708 unitarum,
914 2632 1039 2712 quales,

69 2737 96 2778 v.
113 2737 144 2797 g.
163 2715 271 2780 Vicani
285 2717 386 2780 Cureti
399 2716 629 2780 Cathedralium.
650 2721 694 2780 lta
707 2718 841 2780 decisum
857 2736 910 2800 per
923 2721 1039 2782 Consti·

70 2807 218 2870 tutionem
241 2807 273 2869 S.
295 2805 340 2868 Pii
359 2804 450 2868 vad
460 2806 689 2888 exsequendum,
711 2826 744 2868 rn
757 2811 817 2887 qud
831 2805 948 2884 dieitur,
964 2809 1038 2890 §tt

73 2917 88 2952 r
109 2895 258 2958 Volumus
278 2895 439 2976 insuper...
462 2894 543 2976 qudd
563 2895 633 2958 dicti
648 2895 747 2958 vicarii
768 2897 903 2979 perpetui
926 2917 987 2961 non
1001 2899 1039 2962 ad

68 3007 84 3041 a
108 2983 236 3047 liberam
247 2981 475 3046 Ordinatiorum
485 2985 742 3061 electionem,sed
753 2985 790 3047 ad
801 2986 1038 3050 nominationem

68 3094 84 3131 r
109 3071 250 3145 illorum,
266 3072 444 3154 inquorum
460 3073 593 3136 ecclesiis
602 3073 693 3136 unitis
707 3082 868 3156 ponentur,
883 3095 946 3136 mm
963 3077 1039 3159 ipso·

70 3183 84 3220 s
110 3181 176 3222 runa
198 3159 442 3234 ordinariorum,
461 3181 511 3224 sen
530 3181 629 3224 eorum
648 3163 832 3226 Vican'orum
842 3166 955 3246 provio
968 3185 1039 3228 crc-

71 3273 85 3310 r
108 3251 186 3313 minc
204 3258 234 3312 et
251 3250 460 3332 approbatione
481 3249 664 3334 deputentur.
683 3273 700 3312 r
719 3251 768 3334 (Vt
796 3251 927 3316 Vr'carias
946 3274 1039 3337 paro·

69 3339 188 3414 edictis,
205 3339 248 3400 η’·
261 3341 297 3401 at
313 3345 344 3401 et
356 3341 395 3402 32
415 3347 495 3424 apud
527 3340 657 3423 Feruor.)

111 3429 216 3491 Romae
238 3435 339 3491 tamen
354 3429 463 3492 vicarii
483 3429 582 3493 Curati
601 3431 795 3496 ecclesiarum
808 3433 898 3496 etiam
915 3435 1039 3516 patriar-

71 3517 220 3592 chalium,
243 3517 301 3599 legi
321 3521 489 3582 concursus
514 3522 532 3582 h
549 3521 649 3582 Leone
667 3523 720 3582 ΧΠ
742 3521 866 3600 subjecti
890 3521 1040 3602 increper

74 3605 322 3670 Constitutiouem
347 3606 445 3690 Super
470 3608 654 3681 immensum,
682 3611 719 3669 tr
747 3609 819 3669 maii
853 3613 941 3671 1826.
964 3609 1039 3671 Vide
