2522 4028
483 233 569 278 arasa
590 233 708 278 enurus.
1024 219 1079 283 901

111 333 203 398 etiam
216 333 249 396 in
263 331 481 414 irregularitate
493 351 529 395 ex
543 332 709 395 homicidio
723 332 909 409 voluntario,
923 333 992 397 licet
1007 335 1085 397 ordi-

111 425 196 486 narie
207 422 381 486 nondcceat
392 471 400 498 ,
411 429 440 483 ct
453 421 495 484 sic
510 421 634 502 intelligi
650 421 794 484 debetrc.
813 425 935 497 Minoa,
947 423 1015 484 dist.
1032 428 1082 488 50.
1177 491 1181 498 ,

153 515 242 574 rato.
265 510 403 592 Episcopi
419 517 546 592 possunt
555 511 677 592 quidem
689 510 863 592 dispensare
878 513 910 573 in
921 511 1002 573 omni
1015 512 1085 574 irre·

111 601 269 685 gularitale
282 619 321 662 ee
334 599 441 661 delicto
458 599 567 662 occulto
585 600 794 681 proveniente,
811 602 900 662 etiarn
920 619 958 661 ea·
979 599 1085 661 delicto

111 689 224 752 occulto
251 687 445 752 mutilationis
477 688 670 766 voluntariae,
700 696 751 751 aut
774 687 928 751 homicidii
959 689 1084 750 casualis

112 778 198 841 mixti
211 825 219 855 ,
234 783 268 841 ut
281 783 397 839 constat
417 795 453 840 ex
467 777 580 840 Concil.
601 777 734 840 Trident.
751 781 835 856 (sess.
851 783 908 854 81,
923 795 951 840 o.
967 779 1017 854 6);
1033 777 1085 838 sed

112 887 150 930 ex
163 865 270 930 eodem
282 865 397 928 concil.
414 866 483 948 (ib.)
497 865 593 948 excipi
607 865 695 928 debet
708 885 743 928 ea
752 885 820 948 quae
833 866 928 928 oritur
941 883 977 928 ex
991 864 1086 926 bomi-

113 956 194 1019 cidio
208 954 396 1032 voluntario,
412 955 465 1018 etsi
480 953 622 1018 delictum
636 953 755 1036 probari
772 960 901 1038 nequeat
914 955 945 1016 in
958 953 1083 1034 iudicio,

115 1043 263 1126 quidquid
284 1045 315 1106 in
338 1044 522 1107 contrarium
539 1043 641 1106 dicant
654 1044 811 1116 nonnulli,
833 1061 881 1126 ap.
904 1044 935 1106 S.
960 1043 1081 1122 Lignor.

115 1133 182 1213 (ib,
195 1146 229 1194 n⁰
242 1135 322 1210 392).
342 1135 573 1195 «Potesttamen
586 1132 750 1214 Episcopus
763 1132 935 1214 dispensare
950 1150 1019 1194 cum
1034 1131 1083 1192 ho-

115 1247 129 1282 n
155 1221 266 1284 micidtt
285 1221 403 1283 occulto
417 1227 450 1283 ut
474 1221 623 1282 ministret
640 1221 672 1282 in
688 1222 795 1296 sacris,
811 1222 836 1282 si
850 1239 959 1301 magna
981 1228 1082 1300 urgeat

113 1336 129 1368 n
156 1312 329 1386 necessitas,
341 1315 371 1372 et
379 1309 417 1372 ad
424 1310 535 1391 Papam
549 1310 662 1372 recurri
673 1327 734 1372 non
750 1309 851 1391 possit.
865 1331 881 1370 a
894 1308 969 1370 vide
979 1309 1082 1388 Callet,

115 1419 165 1482 ap.
181 1398 267 1462 Cura.
284 1399 404 1480 compl„
420 1400 477 1461 col.
494 1401 564 1461 303.

157 1493 245 1550 1811.
262 1489 363 1549 «Hinc
372 1487 507 1564 infertur,
519 1487 656 1569 inquitS.
665 1487 786 1569 liguor.
799 1487 865 1569 (lib.
877 1492 907 1566 7,
916 1488 1083 1568 393l,qubd

115 1602 130 1636 n
155 1577 233 1639 benb
248 1577 342 1658 possit
353 1577 520 1658 Episcopus
533 1575 706 1657 dispensare
724 1595 730 1636 :
748 1581 778 1636 1ο
792 1595 862 1637 cum
883 1594 918 1638 eo
935 1578 986 1657 qui
1002 1595 1084 1637 man

114 1689 130 1726 a
155 1662 1080 1746 daritiamulouttantbmpercutiat‚sedillecasuocciderit..·,

116 1779 131 1815 a
157 1759 188 1816 2⁰
202 1771 273 1816 curn
287 1772 324 1818 eo
338 1755 389 1835 qui
400 1753 501 1816 leviter
511 1760 665 1836 percutere
677 1752 847 1828 intendens,
859 1772 894 1815 ex
905 1753 1083 1834 negligentia

116 1867 132 1903 a
157 1861 230 1906 casu
247 1841 442 1919 interficiat..;
457 1847 489 1904 3ο
503 1859 575 1905 cunr
589 1859 625 1906 eo
638 1843 689 1924 qul
706 1842 902 1924 percutiendo
923 1861 1084 1925 praegnan-

116 1955 131 1992 a
157 1939 236 2008 tem,
252 1949 323 1994 casu
337 1931 426 1994 efficit
439 1938 473 1994 ut
485 1931 585 1994 veniat
603 1930 761 2008 abortus..;
779 1936 809 1993 1·
824 1950 893 1995 cum
909 1933 1017 1994 clerico
1031 1935 1082 2013 qui

116 2045 131 2082 a
156 2019 325 2083 exercendo
343 2018 544 2101 chirurgiam,
561 2038 598 2083 ex
611 2020 758 2102 imperitia
772 2021 818 2082 vel
839 2020 1020 2102 negligentia
1035 2021 1084 2082 ali·

115 2135 131 2170 a
155 2128 248 2191 quem
263 2109 417 2191 perimit...
433 2111 592 2182 Praeterea,
606 2109 852 2171 communissima
869 2106 979 2171 docent
996 2112 1082 2186 Nau,

65 2213 71 2222 ·
115 2223 131 2262 u
157 2201 274 2281 Laym.‚
289 2205 372 2261 etc...
388 2198 470 2280 quod
484 2205 609 2280 possunt
621 2197 795 2279 dispensare
811 2196 952 2279 Episcopi
967 2199 998 2258 in
1013 2199 1085 2260 irre·

115 2311 131 2349 n
158 2287 312 2371 gularitate
326 2305 362 2349 ex
376 2286 538 2349 homicidio
554 2285 665 2349 casuali
684 2286 774 2348 etiam
788 2286 922 2362 notorio,
943 2286 979 2348 ad
994 2287 1085 2349 susci-

118 2401 131 2437 n
157 2376 285 2458 piandos
311 2375 432 2438 ordines
453 2377 586 2438 minores
603 2381 633 2437 et
654 2374 799 2438 beneficia
818 2374 992 2455 simplicia»
1011 2378 1083 2454 (non

117 2477 219 2528 tamen
244 2465 459 2526 Canonicaturn
488 2463 540 2544 qui
568 2459 692 2544 requirit
718 2464 846 2542 majores
873 2462 1018 2524 ordines:
1045 2465 1081 2524 ita

118 2553 302 2636 probabilius
326 2553 406 2614 idern
429 2554 460 2614 S.
482 2551 616 2632 Lignum,
640 2551 691 2611 lib.
714 2557 744 2626 7,
768 2561 800 2610 n⁰
815 2554 891 2626 tas)
911 2569 917 2609 :
938 2553 1038 2631 «quia
1054 2552 1081 2613 id

117 2667 132 2702 a
155 2645 218 2721 Jam
239 2648 377 2723 poterant
397 2639 536 2722 Episcopi
550 2639 587 2701 de
607 2641 673 2719 iure
687 2641 860 2719 antiquo...;
875 2638 1083 2700 tridentinum

117 2754 133 2792 a
158 2726 1082 2810 auternreservavitirregularitatemexhomicidiovoluntario,

117 2843 132 2880 a
158 2837 221 2881 non
233 2820 304 2881 verb
319 2819 429 2882 casuali
444 2818 605 2900 publico.»
628 2819 658 2878 S.
675 2817 813 2897 bigam„
837 2814 887 2876 lib.
904 2819 935 2890 7,
953 2825 984 2876 n⁰
1001 2818 1080 2894 397).

158 2912 246 2971 tute.
268 2907 360 2970 Valde
378 2905 567 2988 probabiliter
592 2906 757 2986 Episcopus
785 2909 881 2986 potest
909 2903 1084 2985 dispensare

117 3017 208 3078 snper
226 2996 440 3078 irregularitate
458 2993 703 3076 provenientem
723 2992 883 3054 homicidio
898 2993 1015 3056 occulto
1030 3013 1083 3074 pro

116 3083 293 3150 detonsione
314 3086 435 3166 propria
455 3083 633 3159 commisso,
649 3081 770 3162 quando
784 3080 936 3143 exceditur
950 3082 1084 3144 modera-

116 3195 188 3238 men
213 3173 372 3255 inculpatae
392 3172 510 3250 tutelae,
530 3170 600 3252 quia
617 3171 675 3232 tale
697 3169 892 3232 homicidium
912 3189 973 3232 non
988 3179 1084 3250 potest

115 3263 178 3326 dici
202 3261 338 3324 absolute
363 3261 576 3323 voluntarium.
605 3261 648 3322 lta
665 3259 921 3336 communissima,
946 3265 974 3320 et
994 3261 1083 3321 etiam

117 3353 149 3414 S.
178 3349 419 3428 Poenitentiaria,
444 3350 528 3430 iuxta
549 3350 723 3412 Navarrum.
743 3349 775 3412 S.
797 3347 934 3428 lignor„
957 3345 1080 3425 ibidem,

117 3443 235 3503 n·395.

158 3531 247 3591 1813.
271 3523 389 3590 Praelati
400 3531 499 3589 autem
514 3525 664 3607 regulares
681 3529 807 3606 possunt
823 3523 996 3604 dispensare
1014 3543 1083 3584 cum

118 3615 181 3682 suis
194 3614 321 3678 subditis
335 3633 425 3700 super
441 3615 652 3696 irregularitate
666 3613 859 3702 proveniente
872 3629 909 3672 ex
922 3610 1083 3670 homicidio
