2534 3996
471 291 555 337 arasa
575 291 694 340 ramus.
1008 275 1067 337 329

92 389 289 474 participandi
316 389 496 472 quotidianis
521 392 780 457 distributionibus
803 398 835 457 et
857 393 908 474 ius
929 391 967 454 ad
989 392 1068 456 Prae

92 478 236 544 bendam.
265 477 310 538 Cf.
327 482 404 558 App.
419 480 495 540 lllll.

131 574 222 633 baeu.
249 569 407 633 Probanda
421 573 491 633 verb
514 578 639 636 estune
659 572 774 654 species
786 572 1024 649 beneficiorum,
1039 579 1069 634 et

92 675 155 721 non
172 667 347 742 potestesse
361 661 426 722 sine
440 661 573 724 Canonib
587 661 642 744 ipsi
656 667 793 738 annextl;
809 670 837 724 at
852 664 922 724 vero
937 660 1069 722 Canonia

94 749 264 829 concipitur
278 757 307 811 et
325 749 461 812 absolute
482 749 608 812 existere
627 757 725 832 potest
744 750 859 834 absque
882 748 1060 812 Praebendi:

95 837 161 899 talis
179 844 275 914 esset,
289 858 318 900 v.
335 858 379 920 g.‚
400 839 598 902 Canonicatus
612 857 683 902 cum
695 839 763 919 jure
781 839 983 922 expectalivae.
993 836 1069 898 Vide

95 943 187 1007 supra
200 929 318 1006 (bb—:lm
334 935 363 988 et
380 927 495 1004 Bonis,
510 927 555 989 De
569 926 718 1010 Capitulis
737 929 778 1010 (p.
796 929 947 1007 lca-169).

136 1020 224 1078 abet.
248 1016 415 1098 Episcopus
435 1015 591 1097 providere
613 1016 702 1080 debet
722 1025 756 1080 ut
778 1017 920 1080 Canonici
941 1014 1068 1078 habeant

96 1105 276 1166 Praelrendas
293 1104 330 1167 ad
349 1106 461 1166 rictum
479 1104 681 1168 sufficientes:
698 1105 823 1188 proinde
842 1110 903 1168 tam
921 1105 952 1166 in
967 1103 1069 1166 Gathe

95 1194 229 1256 dralibus
244 1199 336 1275 qutun
352 1193 381 1254 in
397 1194 565 1275 collegiatis
582 1195 770 1275 insignibus,
785 1202 883 1276 potest
894 1211 966 1256 cum
982 1193 1067 1273 Capi·
1152 1197 1154 1204 ’

97 1283 149 1346 tuli
160 1303 326 1359 consensu,
343 1284 535 1347 orensibusS.
548 1284 616 1346 Scdi
632 1303 692 1346 non
707 1284 878 1352 reservatis.
890 1281 1069 1344 eradendas

96 1374 248 1436 tenuiores
258 1372 294 1435 ad
306 1371 860 1455 paucioremnumerum1·educere‚vel
870 1370 1069 1434 iisdemunire

98 1463 242 1524 beneticia
260 1462 424 1544 simplicia,
443 1462 577 1524 similiter
595 1481 666 1526 curn
689 1471 884 1544 patronorum
906 1478 1067 1523 consensu.

98 1555 140 1614 lta
155 1552 266 1614 Concil.
281 1552 414 1614 Trident.
427 1555 510 1631 (sess.
527 1557 585 1629 Ed,
601 1571 628 1614 c.
646 1555 700 1627 lo,
715 1550 909 1632 derasum).

138 1645 228 1704 2252.
249 1663 263 1699 a
281 1643 314 1703 ln
334 1641 484 1724 plerisque
508 1640 731 1704 cathedralibus
750 1647 781 1702 et
803 1637 970 1720 collegiatis
987 1637 1072 1702 adast

96 1753 114 1792 r
138 1749 213 1793 usus
226 1731 348 1812 optandi
365 1737 502 1794 vacantes
518 1730 733 1794 Praebendas...
758 1729 846 1812 Optio
859 1737 905 1790 est
917 1727 1069 1810 quoddam

99 1842 114 1880 a
136 1821 205 1900 jus,
222 1821 309 1899 cujus
323 1819 423 1901 vigore
446 1819 631 1901 antiquiores
650 1817 792 1882 Canomm
806 1815 953 1899 gradatim
967 1834 1070 1878 vacan-

98 1933 114 1968 n
139 1917 199 1971 tem
228 1909 423 1972 Praebendam
447 1912 526 1991 (quae
550 1917 696 1971 reservata
724 1907 869 1985 nonsibi,
893 1906 1013 1988 propria
1028 1905 1071 1967 di-

97 2023 114 2059 n
140 1995 1066 2082 missb,intracertumtempuseligereetconsequivaleant.a

98 2088 321 2169 (Eouix,itlt‘ol.‚
338 2107 368 2170 p.
386 2089 466 2170 ltili.)

140 2181 196 2240 lus
218 2177 340 2259 optandi
356 2185 467 2260 spectat
484 2177 521 2240 ad
536 2177 736 2258 antiquiorem
753 2175 785 2238 in
799 2173 917 2240 servitio
929 2171 1071 2236 Ecclesiae

97 2269 165 2350 (elsi
181 2287 241 2330 non
255 2269 292 2329 sit
301 2267 452 2348 antiquior
466 2267 496 2328 in
512 2267 699 2347 sacerdotio),
715 2273 803 2348 prout
817 2263 914 2326 eatenit
929 2264 959 2325 in
974 2263 1072 2344 Cardi-
1118 2279 1121 2282 ·

99 2357 220 2420 nalibus
233 2357 284 2438 qui
299 2365 402 2438 optant
417 2357 532 2431 titulos,
543 2357 566 2418 si
582 2355 832 2437 sintantiquiores
846 2353 876 2415 in
890 2355 1069 2420 Diaconatu.

99 2465 194 2528 supra
208 2445 378 2508 Cardinales
391 2446 596 2527 Presbyteros.

142 2536 219 2596 Ciam
237 2536 269 2596 in
289 2542 366 2597 statu
387 2537 525 2616 praesenti
549 2532 751 2598 Ecclesiarum
765 2532 867 2596 Galliae
880 2529 992 2593 nullius
1006 2547 1071 2590 mo-

100 2625 196 2688 menti
208 2623 299 2706 possit
312 2641 376 2686 esse
390 2623 561 2704 hujusmodi
576 2623 787 2707 privilegium,
802 2621 877 2683 nihil
892 2617 1021 2701 ampliirs
1033 2617 1071 2680 de

101 2731 141 2778 eo
154 2713 299 2776 dicemus.
315 2715 439 2792 (Bonis,
454 2713 540 2792 ibid.)

486 2880 639 2939 punctuli
654 2881 686 2937 ll.

316 3019 354 3065 na
374 3017 642 3065 brsraraurrcnraus
662 3013 858 3069 cummunis.

144 3155 235 3216 2253.
258 3145 486 3211 Distributiones
511 3141 693 3225 quotidianas
713 3141 752 3204 ab
777 3142 878 3204 Yvone
901 3138 1076 3204 Carnutensi

104 3243 256 3326 Episcopo
267 3235 440 3318 excogitatas
454 3232 588 3315 primum
602 3232 687 3294 luere
698 3278 707 3309 ‚
719 3237 753 3294 ut
767 3231 798 3293 in
812 3235 865 3293 suti
882 3229 1013 3293 Ecclesia
1026 3229 1078 3290 Ca-

105 3331 207 3395 nonici
230 3327 426 3390 redderentur
447 3321 557 3384 divinis
580 3321 685 3384 officiis
713 3319 809 3402 magis
832 3317 954 3381 assidui.
978 3319 1011 3378 ln
1028 3317 1078 3396 jus

106 3437 273 3484 conamune
287 3422 391 3499 postea
404 3411 519 3478 transiit
541 3409 712 3490 hujusmodi
728 3408 888 3485 institutio,
905 3405 947 3468 uti
964 3410 1080 3468 constat

106 3529 146 3574 ex
165 3527 231 3591 cap.
255 3507 356 3576 Licet,
380 3501 415 3566 ule
437 3499 626 3577 Praebendis,
646 3519 682 3562 ex
701 3516 768 3580 cap.
790 3497 889 3572 Olim,
912 3494 947 3557 de
965 3494 1077 3557 verbor.

105 3599 252 3682 siquidm,
264 3602 295 3658 et
307 3613 344 3657 ex
353 3611 420 3676 cap.
433 3592 523 3655 unico
538 3588 572 3650 ote
581 3589 681 3652 cleric.
697 3608 753 3648 ooo
767 3587 869 3660 reaid„
882 3585 913 3645 in
928 3587 970 3646 6⁰.
980 3585 1080 3644 Hanc·

107 3707 172 3772 que
184 3685 375 3768 disciplinam
396 3680 586 3745 conlirnmvit
601 3679 734 3740 'trident
751 3679 910 3757 synnodus,
925 3677 960 3734 ut
980 3671 1081 3732 videro
