2534 3996
181 236 242 300 titi
406 247 544 295 arnume
562 244 662 294 ronna
682 245 764 292 runis
784 243 934 294 ornomm.

183 376 198 412 n
222 359 271 415 tur
289 341 462 414 absentibus
482 367 519 410 ex
540 349 621 426 justa
644 347 744 410 oausl.
771 343 898 418 Quando
917 349 1019 407 autem
1039 345 1162 408 dicotur
1256 399 1257 406 t

184 464 199 502 r
225 441 315 522 postis
328 437 455 520 grassari
474 443 508 498 ut
522 435 559 496 sit
578 437 658 512 iusta
670 433 912 496 causeabsentiae
923 480 930 507 ,
943 432 1058 511 iudicio
1073 435 1165 514 Epis·
1256 433 1257 478 ἒ

185 553 200 588 s
224 527 291 610 copi
305 545 370 590 esse
384 523 630 607 relinquendum.
649 543 665 582 u
682 525 727 584 lta
740 524 830 584 Sacra
843 522 991 602 Congreg.
1011 520 1163 598 concilii,

185 623 203 681 9
219 634 287 678 nov.
304 619 394 678 loto.

226 716 293 775 Non
316 709 427 774 suffieit
448 713 548 772 autem
569 707 651 789 quod
666 706 759 788 pestis
777 705 814 769 sit
833 705 865 768 in
882 705 1012 782 ricini03
1028 706 1165 786 sedium

187 801 314 882 grassari
331 798 419 860 debet
441 798 472 858 in
493 798 568 858 urhe
586 795 638 857 ubi
652 795 736 857 adest
756 794 936 876 Capitulum.
955 795 1038 856 Idem
1059 795 1166 858 dieen-

187 879 260 952 dum
274 887 390 951 videtur
403 884 428 947 si
441 883 554 946 bellum
575 883 705 964 ingruat.
722 883 761 929 -'-
774 880 849 943 Vide
863 883 900 943 D.
916 881 1014 945 Bouix
1029 881 1165 964 (ibidem,

228 1081 316 1140 2331.
345 1077 402 1150 Qui
443 1075 527 1138 abest
557 1079 679 1156 propter
706 1073 1076 1151 excommunicationem,
1105 1093 1167 1138 nee

191 1167 303 1228 lruotus
315 1163 496 1247 praebendae,
506 1181 563 1225 neo
578 1163 802 1224 distributiones
815 1163 934 1249 amittit,
946 1163 969 1222 si
985 1180 1166 1226 exeommu-

191 1254 300 1316 nicatio
324 1254 363 1315 sit
388 1253 499 1332 injusta
519 1257 549 1313 et
569 1251 637 1312 telis
657 1257 740 1312 curet
760 1249 871 1312 absolui
895 1269 902 1311 :
926 1257 1069 1332 utrosque
1093 1253 1167 1314 vero

192 1341 313 1416 amittit,
330 1341 355 1403 si
373 1343 453 1420 justa
473 1340 526 1416 sit;
543 1339 578 1400 iis
592 1345 692 1400 tamen
717 1339 818 1420 plures
834 1337 940 1400 diount
954 1342 1167 1402 excommuni-

191 1439 291 1491 eatum
312 1429 420 1512 priruri
441 1447 503 1490 uon
524 1445 632 1508 posse,
654 1427 711 1488 nisi
726 1432 793 1508 post
807 1426 1002 1501 sententiam,
1017 1445 1089 1490 casu
1104 1447 1167 1508 quo

191 1518 283 1582 choro
305 1519 477 1594 assisteret,
505 1517 559 1578 etsi
581 1521 711 1596 nequeat
734 1515 777 1576 illi
798 1515 942 1577 iuteresse
971 1515 1028 1578 nisi
1051 1514 1167 1579 illicite.

192 1609 234 1685 (S.
252 1607 388 1688 liguum,
404 1606 455 1668 lib.
471 1611 501 1677 l,
518 1613 552 1666 n⁰
569 1605 649 1685 loo.)

232 1711 262 1772 Si
290 1711 370 1790 juste
398 1708 677 1772 excommunicatus
699 1706 877 1788 resipiscens
900 1713 1015 1789 peteret
1045 1708 1170 1772 absolu-

193 1801 306 1862 tionem
321 1817 389 1879 quae
405 1799 513 1876 injuste
523 1797 549 1857 ei
557 1796 768 1876 denegaretur,
784 1815 845 1857 nou
861 1799 1009 1858 amitteret
1022 1796 1170 1861 distribu·

193 1887 311 1963 tiones,
325 1888 396 1946 oinn
411 1903 465 1966 per
479 1885 564 1946 illurn
579 1901 641 1946 non
655 1885 734 1946 stetit
748 1884 912 1966 quominus
925 1885 1017 1948 choro
1037 1885 1169 1950 adesset.

194 1975 237 2051 (S.
254 1975 389 2054 arguor,
409 1972 495 2051 ibid.)
1071 2051 1076 2054 -

235 2081 324 2138 ruta.
341 2077 397 2149 Qui
419 2096 479 2138 non
494 2076 637 2139 assistunt
655 2078 693 2142 ed
714 2079 795 2159 quod
810 2079 942 2144 Ecclesia
961 2080 998 2142 sit
1011 2079 1171 2142 interdieta

195 2165 240 2228 vel
263 2165 393 2246 polluta,
413 2165 487 2226 nihil
505 2167 664 2240 amittunt,
687 2167 778 2229 modo
801 2187 863 2231 non
885 2168 1023 2231 dederint
1044 2187 1170 2231 oausam

197 2252 353 2314 interdicto
363 2253 408 2315 vel
423 2253 596 2334 pollutioni;
612 2255 734 2317 econtra
747 2256 771 2317 si
786 2274 848 2318 non
864 2257 1003 2318 assistant
1015 2257 1054 2319 ob
1064 2257 1170 2320 decre-

197 2347 257 2402 tam
272 2341 496 2404 cessationema
510 2341 629 2417 divinis,
642 2343 783 2405 amittunt
795 2343 1030 2410 distributiones.
1041 2347 1095 2408 etsi
1109 2364 1171 2409 non

198 2428 335 2491 dederint
361 2447 484 2493 oausam
506 2429 679 2507 hujusmodi
700 2432 880 2508 cessationi3
905 2433 957 2496 sed
976 2433 1028 2515 qui
1047 2453 1171 2496 causam

197 2515 345 2580 dederunt
366 2535 458 2580 omne
478 2517 621 2580 interesse
639 2518 712 2600 ipsis
730 2522 885 2584 restituere
907 2521 1028 2585 debent.
1050 2523 1097 2606 (S.
1119 2523 1169 2586 Li-

198 2623 300 2686 guor„
317 2606 370 2688 it.)

239 2707 342 2781 Quoad
356 2707 614 2790 irregularitatem,
628 2707 695 2773 ride
708 2709 787 2772 dioto
801 2729 892 2794 supra
906 2713 1026 2794 (rieul.

239 2814 327 2874 2333.
341 2811 371 2872 E
371 2811 481 2874 celerior
494 2811 632 2873 utilitas:
647 2811 705 2875 hoo
717 2814 841 2896 intelligi
853 2823 950 2898 polest
962 2817 1008 2877 vel
1023 2815 1172 2879 deEoole·

200 2898 244 2960 sii
263 2898 420 2960 universali
433 2945 442 2975 ‚
455 2899 502 2960 vel
521 2899 559 2961 de
582 2903 641 2961 tota
654 2899 791 2973 dioecesi,
807 2904 855 2966 vel
877 2903 916 2967 de
929 2904 1063 2968 Ecclesia
1084 2907 1172 2988 eujus

200 2986 309 3048 absens
322 2991 368 3048 est
381 2987 550 3050 Canonieus
563 2994 616 3050 ant
628 2987 849 3054 beneficiarius.

241 3091 273 3149 l⁰
287 3090 407 3152 Certum
420 3097 465 3151 est
479 3108 540 3152 non
554 3093 690 3154 excusari
704 3092 870 3171 absentem,
882 3095 922 3157 ob
931 3095 1089 3160 utilitatem
1103 3096 1174 3160 ulle·

200 3177 264 3238 rius
279 3177 413 3240 ecolesiae
427 3178 558 3260 privata,
573 3183 591 3241 a
605 3180 772 3244 Gathedrali
785 3183 832 3246 vel
847 3185 999 3267 Collegiali
1012 3185 1170 3248 distincta.

201 3265 245 3328 lta
258 3283 375 3329 omnes·

242 3358 273 3416 2⁰
288 3355 409 3417 Certum
430 3375 513 3419 nuno
527 3355 643 3420 videtur
663 3359 837 3432 absentem,
854 3361 894 3425 ob
911 3361 1039 3445 Capituli
1059 3362 1104 3424 rel
1120 3363 1174 3426 Eo·

202 3441 299 3505 olesiae
318 3444 367 3506 oui
398 3447 567 3508 annectitur
587 3448 757 3524 Capitulum
789 3450 965 3526 utilitatem,
989 3452 1040 3531 ius
1062 3449 1173 3514 habere

202 3533 292 3594 etiam
318 3530 356 3593 ad
374 3534 561 3613 quotidianas
580 3533 813 3599 distributiones.
834 3540 876 3600 lta
899 3541 930 3602 S.
947 3541 1071 3619 Congr..
1092 3555 1174 3602 anuo

205 3621 292 3688 t388.
308 3620 340 3678 in
354 3625 443 3682 causa
459 3621 677 3684 panormitani.
698 3625 772 3686 «Ad
786 3627 970 3706 Episcopum
991 3635 1094 3690 autem
1108 3644 1174 3706 per-
