2486 3984
437 253 523 304 tmen
543 252 661 302 raiuus.
975 227 1033 292 {³5

71 389 86 426 i
107 365 236 444 hibitus,
259 368 443 447 eosdemque
458 367 553 430 libros
567 367 743 446 retinentes,
766 359 987 447 imprimentes,
1006 363 1033 422 el

72 477 86 514 i
108 459 334 534 quomodolibet
346 458 553 520 defendentes.
578 479 593 516 n

108 549 192 612 tusi.
217 548 263 610 lld
282 555 383 610 autem
398 545 582 610 metiendam
598 542 689 628 hujus
713 537 1035 608 excommunicationis

72 636 299 711 extensionem,
322 636 544 698 observandum
569 643 614 697 est
637 654 691 712 per
717 633 831 696 litteras
858 629 1036 713 apostolicas

72 723 259 788 solummodo
274 725 399 805 intelligi
414 723 514 786 Bullas
525 729 615 804 attius
630 724 732 786 Brevia
746 722 930 804 apostolica3
946 715 1036 802 porrd

73 831 205 890 coenem
219 813 288 876 talia
301 814 361 886 sint
374 813 512 876 habenda
527 812 659 876 diximus
669 813 699 874 iu
712 809 941 892 Prolegonrenis
959 805 1036 889 (ts).

73 899 132 964 Non
156 921 227 986 ergo
241 904 372 984 amplius
396 902 454 965 dici
469 908 579 983 potest,
605 910 638 965 ut
651 901 739 964 habel
755 899 859 982 regula
872 901 900 962 X
915 895 1035 974 Indicis,

74 992 246 1069 generalitor
272 992 619 1054 excommunicationem
648 993 804 1054 incurrere
833 989 966 1068 legentes
990 985 1035 1048 vel

73 1080 228 1143 retinentes
249 1089 303 1144 aut
327 1081 524 1143 defendentes
539 1098 750 1162 quoscumque
776 1077 865 1141 li'dros
883 1077 1036 1140 territio-

74 1189 133 1230 irim
148 1170 194 1232 vel
210 1171 342 1253 ciijnsuis
355 1173 486 1233 auctoris
506 1173 618 1252 scripto
636 1169 671 1231 od
685 1170 830 1240 dicresim,
846 1167 892 1231 esf
914 1166 949 1229 od
965 1165 1036 1246 [αἰεὶ

74 1257 212 1340 dopmctis
230 1261 427 1343 suspicionem
450 1259 589 1324 domnola
613 1270 701 1340 etque
714 1257 878 1340 profii'fitie
903 1255 954 1318 sed
968 1263 1036 1317 tau-

74 1355 132 1410 tum
147 1349 301 1430 legentes,
317 1350 364 1412 vel
381 1349 546 1412 retinentes
561 1356 612 1411 aul
625 1347 822 1411 defendentes
837 1347 927 1409 filiios
941 1343 1037 1407 haere·

74 1438 196 1502 ticortim
214 1437 357 1502 haeresini
375 1447 613 1520 propugnantes,
635 1445 688 1500 eut
709 1437 801 1499 libros
824 1436 954 1514 cuiusvis
968 1453 1037 1496 auc·

76 1527 141 1590 toris
155 1528 207 1609 qui
224 1529 407 1591 nominatim
427 1528 560 1589 damnati
576 1529 698 1590 fuerunt
712 1543 766 1606 per
782 1526 882 1586 Bulles
895 1530 947 1586 aiil
966 1525 1038 1586 tire·

76 1616 280 1697 viaponlificie
295 1638 302 1680 :
317 1619 399 1683 undo
414 1618 552 1681 eamdem
568 1636 631 1680 iion
644 1619 804 1678 incurrunt
817 1615 960 1694 legentes,
971 1614 1039 1675 reli·

77 1714 186 1783 nentes,
201 1715 255 1771 aut
271 1707 469 1771 defendentes
485 1709 577 1770 libros
591 1707 757 1788 proliiliilos
772 1701 964 1766 solummodo
987 1720 1040 1782 per

78 1793 191 1858 decreta
214 1797 467 1878 Congregationis
481 1797 591 1860 Indicis
615 1813 683 1877 quae
702 1795 820 1856 decreta
835 1793 916 1854 inter
930 1791 1040 1853 litteras

76 1883 247 1962 apostolicas
277 1905 339 1949 nou
365 1893 543 1968 reputantur
556 1890 577 1948 ¹.
600 1888 728 1948 Peccant
743 1893 844 1946 lamen
865 1883 954 1944 ctiam
969 1881 1040 1942 istos

77 1971 214 2052 legentes,
241 1978 405 2038 retinentes
426 1984 478 2037 aut
500 1975 717 2039 defendentes:
734 1973 786 2035 scd
809 1973 866 2035 lioc
884 1977 1040 2053 peccalum

77 2079 134 2123 non
148 2065 281 2148 emplius
294 2071 340 2126 est
356 2069 538 2127 reservatum
553 2067 679 2126 Summo
692 2063 840 2126 Pontifici.

113 2155 145 2214 30
168 2176 183 2213 r
204 2154 419 2216 schismaticos
433 2161 464 2214 et
477 2173 528 2216 eos
548 2155 630 2235 quie
655 2153 781 2216 Romani
811 2149 963 2214 Pontificis
986 2167 1041 2230 pro

75 2260 89 2298 i
113 2245 249 2323 tempore
275 2243 430 2306 existentis
454 2243 623 2306 obedientia
647 2241 840 2324 pertinaciter
869 2259 901 2303 se
922 2238 1042 2302 subtra-

77 2347 90 2384 ι)
114 2327 199 2409 liunt,
214 2331 264 2394 vel
279 2333 433 2395 recedunt.

112 2420 144 2479 ll
161 2441 176 2479 o
196 2421 313 2484 Omnes
327 2428 356 2482 et
369 2421 505 2501 singulos
514 2421 735 2505 quuscumque
748 2423 852 2494 status,
864 2417 975 2502 gradus
990 2437 1043 2484 seit

77 2508 299 2571 »conditionis
323 2509 450 2582 fuerint,
478 2509 516 2572 ab
547 2511 790 2573 ordinationibus
816 2529 868 2572 seu
896 2507 1044 2570 mandatis

78 2615 92 2652 i
114 2597 321 2661 Romanorum
339 2599 519 2660 Pontificum
544 2619 598 2679 pro
620 2608 758 2678 tempore
781 2599 985 2670 existentium,
1007 2595 1044 2659 ad

79 2705 92 2740 i
115 2687 283 2749 universale
298 2689 432 2750 futurum
455 2688 622 2750 Concilium
637 2691 837 2769 appellantes,
859 2704 977 2750 necnon
993 2706 1045 2751 eos

80 2792 92 2829 i
115 2793 246 2854 quorum
264 2776 392 2849 auxilio,
416 2775 545 2838 consilio
558 2779 606 2840 iel
628 2776 727 2838 farore
746 2776 927 2858 appellatum
944 2776 1042 2841 fuerit.

115 2867 147 2926 5ο
172 2867 323 2929 «Omnes
344 2865 579 2940 interficientes,
609 2867 798 2944 mutilantes,
824 2865 1042 2946 percutientes,

81 2972 94 3010 i
118 2955 287 3032 capientes,
302 2963 500 3030 carceraules,
524 2955 704 3032 detinentes,
728 2956 773 3017 vel
797 2955 942 3017 hostiliter
962 2957 1044 3021 inse-

80 3061 94 3098 ι)
117 3053 245 3123 quentes
256 3044 288 3107 S.
304 3045 341 3106 lt.
358 3044 392 3106 lt.
411 3041 594 3117 cardinales,
611 3044 815 3118 Patriarclias‚
832 3043 1044 3126 Archiepisco-

81 3149 94 3185 i
118 3149 182 3210 pos,
196 3133 373 3214 Episcopus,
382 3133 528 3214 saeuisque
539 3134 717 3214 spostolicae
731 3135 842 3216 legatos
849 3133 893 3194 vel
905 3137 1043 3216 Nuntios,

80 3237 94 3274 i
117 3228 235 3283 culeos
257 3222 350 3284 dsuis
362 3221 553 3299 discessibus,
569 3223 740 3298 territoriis,
757 3225 860 3296 terris,
876 3241 931 3284 seii
945 3224 1045 3286 domi-

80 3325 95 3364 i
118 3309 175 3370 uiis
189 3307 343 3381 ej'tcieiites
352 3330 364 3386 ς
380 3329 500 3374 necnon
524 3329 559 3374 ea
575 3313 763 3392 mandantes,
786 3312 832 3374 vel
853 3321 916 3373 iata
930 3313 1045 3376 hulien-

110 3463 133 3514 f.
150 3463 266 3532 Plerique
282 3471 337 3517 titiri
353 3467 379 3517 iii
401 3467 485 3520 indice
504 3469 572 3520 relati
586 3485 629 3536 psi·
647 3467 792 3538 hujusmodi
812 3470 908 3520 decreta
934 3475 1046 3522 lantum·

85 3534 155 3584 niodo
167 3535 275 3587 damuati
297 3535 379 3602 fuere;
394 3539 460 3590 haud
474 3541 601 3605 pauciores
617 3547 697 3593 tamen
711 3557 784 3592 eiiam
798 3557 838 3605 pcr
852 3541 1046 3592 constitutiones

86 3612 127 3654 tiit
141 3605 225 3658 Brevia
242 3609 375 3675 apostolica
391 3612 491 3661 luerunt
504 3613 641 3677 proscripti.
654 3612 786 3676 sigillatim
798 3613 824 3663 iii
835 3611 918 3660 lodice
928 3615 1048 3661 entium-

87 3679 242 3742 liirpiionani
257 3680 331 3732 inodo
347 3682 439 3747 singuli
456 3681 546 3735 fuerint
564 3683 704 3749 prompti.
