2486 3984
477 221 562 268 moun
582 221 700 270 antuus.

521 405 603 471 aut.
626 405 662 469 ΙΙ.

389 553 427 599 ns
446 552 604 600 utnomnus
624 550 793 602 onniumus.

148 701 240 764 1688.
255 697 437 778 «Disputant
449 696 526 757 iniec
539 693 634 756 sevini
646 691 738 771 docti,
754 692 851 776 inquit
863 695 966 758 Devoti
977 696 1032 770 (tit.
1043 701 1073 770 2,

101 809 120 851 n
144 796 221 852 sect.
246 791 283 864 2,
303 788 322 866 5
340 786 401 865 29),
423 802 496 846 num
510 784 664 844 minorum
677 781 818 846 ordinum
839 784 984 866 origo-ab
1006 787 1077 867 ipsis

105 901 122 940 ι
149 875 301 960 Apostolis
314 876 354 937 sit
366 871 538 958 repetenda.
556 871 713 934 Affirmant
726 872 907 937 Boionius...
924 879 954 935 et
970 874 1078 937 l'teliar·

104 988 121 1026 ι
146 965 305 1040 minus...;
321 970 433 1044 negant
450 963 621 1039 bibbinus„
649 960 735 1023 Cand.
752 961 851 1038 Bona,
868 963 1074 1027 Amaiacius...

105 1077 122 1115 s
149 1057 257 1117 Petrus
272 1051 558 1129 bombardus...‚1).
573 1052 713 1113 Thomas.
738 1071 753 1108 n
777 1051 851 1112 Vide
865 1052 954 1114 etiam
981 1055 1075 1116 Bene·

106 1144 223 1206 dictum
238 1145 303 1206 XIV
320 1143 375 1221 (Dc
388 1141 499 1224 Synod.
511 1189 519 1219 ‚
531 1140 582 1203 iib.
598 1143 628 1218 8,
643 1158 671 1202 c.
686 1143 717 1216 9,
727 1156 762 1200 u⁰
772 1141 819 1218 t),
838 1142 890 1221 qui
913 1139 993 1202 addit
1012 1160 1077 1222 gna·

106 1235 185 1296 nitar
198 1250 323 1315 peccare
337 1233 388 1313 qui
402 1230 523 1292 ordines
533 1231 664 1292 minores
677 1228 799 1310 suscipit
813 1247 875 1291 non
889 1230 1031 1311 ignoraus
1043 1249 1076 1294 sc

107 1339 177 1384 csse
191 1321 289 1385 lethaii
303 1319 393 1402 culpo
406 1319 591 1382 obstrictum.

150 1413 239 1473 tono.
262 1409 389 1472 Ordines
413 1409 544 1472 minores
563 1413 638 1490 sunt
671 1407 854 1487 Ostiorum,
884 1408 1074 1488 Lectoratus,

108 1499 313 1562 Exorcistatus
326 1507 357 1560 et
371 1497 573 1579 acolythatus.

152 1592 183 1650 1⁰
207 1589 371 1650 Ostiorotus
384 1595 427 1648 est
435 1587 504 1648 orob
514 1607 570 1668 quo
583 1587 732 1667 confertur
741 1585 834 1646 alicui
845 1586 1078 1668 speo'nliapotea·

109 1698 126 1738 a
151 1687 198 1738 tos
210 1676 361 1758 aperiendi
372 1685 400 1738 et
407 1675 559 1738 claudendi
567 1676 689 1756 januam
701 1674 836 1745 ecclesiae,
855 1688 884 1735 et
902 1673 1077 1737 admittmdt'

110 1787 127 1826 n
151 1765 254 1846 diones
267 1765 493 1848 excludendique
505 1765 648 1846 indignos.
664 1787 679 1824 n

151 1855 268 1916 Ostiarii
283 1863 328 1917 est
351 1873 543 1936 «campanas
567 1855 702 1935 pulsare,
727 1871 796 1936 quaa
817 1853 895 1915 intra
921 1851 1076 1916 ecclesiam

112 1963 129 2002 n
151 1951 224 2004 sunt
236 1944 432 2016 custodire,oi
445 1944 497 2026 qui
511 1943 905 2026 pcaedicatapericeiibcum.
921 1964 936 2000 n
953 1943 985 2006 S.
996 1945 1074 2025 Lig.‚

112 2031 165 2092 tib.
184 2035 219 2106 6,
234 2035 311 2099 735,
328 2042 385 2095 etc.

154 2119 200 2180 nd
216 2119 411 2183 bocodicium
422 2120 556 2184 referunt
568 2121 735 2182 Canonistae
745 2139 812 2201 quae
822 2121 852 2182 in
861 2119 1075 2200 J'ucedicuntur

113 2207 152 2270 de
175 2209 282 2270 edicio.
294 2208 453 2280 Sacristoe,
473 2208 616 2283 custodis,
642 2209 844 2283 Tdesournnii,
860 2217 918 2272 etc.
934 2211 976 2272 De
990 2210 1076 2273 variis

113 2297 160 2358 his
173 2297 486 2375 denominationibus,
505 2297 571 2362 vide
586 2297 698 2360 Bened.
713 2301 778 2362 XIV
793 2301 848 2378 (ue
867 2297 954 2381 Sym,
970 2299 1021 2360 lib.
1037 2302 1074 2378 8,
1170 2296 1174 2301 ’

113 2404 141 2449 c.
157 2391 197 2457 o,
215 2385 256 2447 n'·
270 2391 287 2448 7
303 2391 391 2464 et8).

157 2495 173 2532 c
192 2475 334 2537 ostiarios
347 2476 385 2538 ab
398 2477 528 2541 Ecclesid
542 2479 704 2548 institutos,
719 2481 755 2540 ett
768 2475 974 2559 pcaesenimde
987 2480 1076 2540 causo
1186 2553 1189 2562 ,

114 2570 237 2644 »putat
261 2564 494 2645 bingbamus...‚
518 2575 550 2630 ut
571 2565 759 2630 saevientibus
783 2564 914 2626 Ethuicis
935 2565 1076 2628 aduersus

114 2674 129 2708 n
153 2651 348 2729 christianos,
364 2663 437 2717 stata
456 2665 658 2720 conventuum
676 2662 706 2717 ct
725 2653 928 2735 precationum
942 2660 1076 2734 tempora

114 2763 129 2798 n
155 2739 332 2803 indicarent.
360 2743 526 2807 Exteriores
546 2745 678 2808 ecciesiae
700 2750 800 2824 portas
822 2741 953 2816 ostiani,
977 2749 1077 2823 pontus

114 2851 129 2886 n
153 2831 314 2892 sanctuarii
328 2831 502 2895 subdiaconi
513 2833 754 2896 custodiebant...
772 2830 953 2909 Saepeetiam
966 2831 1076 2894 ostiarii

116 2939 130 2977 n
152 2927 297 2980 uocantur
308 2919 446 2998 AEdinn',
460 2930 549 3005 atque
562 2923 604 2984 ita
617 2924 647 2984 S.
665 2920 807 2984 Paulinus
815 2919 958 2984 Nolanus.
971 2941 987 2981 n
1005 2921 1076 2986 Vide

114 3005 229 3082 Deuoti,
244 3008 289 3069 tit.
305 3013 345 3085 2,
360 3015 433 3072 sect.
448 3015 483 3088 ᾖ,
497 3013 579 3092 §33‚
594 3014 700 3074 notai.

154 3097 243 3158 totto.
269 3130 304 3142 -
324 3118 340 3156 n
360 3101 391 3160 2⁰
409 3099 576 3162 Lectorotus
592 3108 635 3162 est
653 3098 723 3162 ordo
742 3119 798 3183 quc
814 3098 965 3181 consertor
985 3099 1077 3163 nb'cui

114 3207 130 3243 n
152 3183 287 3264 specialis
297 3193 423 3270 potestas
438 3189 550 3270 tenendi
559 3191 685 3272 psalmos
698 3197 726 3252 et
748 3191 882 3252 lectiones
903 3208 940 3251 ec
957 3190 1077 3271 pailpito

114 3293 129 3331 a
154 3272 186 3332 a'n
205 3274 343 3352 ecclesid4
361 3295 396 3338 cc
414 3279 553 3359 populum
573 3279 769 3340 catechizandi
786 3297 835 3342 seu
861 3277 1023 3338 instrueam'i
1045 3278 1076 3339 in

116 3383 129 3420 n
155 3360 240 3422 *adiu
252 3363 331 3442 fidei.
351 3367 422 3426 item
438 3377 533 3447 potest
546 3385 653 3448 panem
668 3376 698 3431 ct
716 3387 807 3430 novos
827 3366 940 3430 fructus
954 3367 1076 3430 benedi·

116 3471 130 3508 υ
154 3467 261 3512 cece...
272 3454 476 3532 (salutanti...
490 3475 550 3518 non
565 3465 664 3518 nutem
674 3458 844 3538 praedicare.
860 3455 1077 3518 »bodienovo

117 3555 184 3602 tutu
198 3539 352 3603 fructuum
367 3543 533 3606 benedictio
551 3548 570 3606 a
588 3547 659 3608 sotis
678 3545 878 3608 sacerdotibus
899 3543 1076 3623 impertitur.

157 3647 174 3688 ι
193 3627 273 3692 Olim
287 3631 368 3714 apud
386 3650 439 3696 eos
459 3634 596 3712 (lecuras
614 3637 733 3708 namne)
751 3634 826 3695 sacri
845 3631 964 3695 codices
979 3647 1076 3692 serva·
